{"version":2,"lastProcessedStreamId":"1783167332767-0","orderbooks":[{"baseAsset":"SOL","bids":[{"price":134440000,"quantity":12320000,"orderId":"cc7c9d07-9d4c-41e4-9544-2b5b45f06550","filled":0,"side":"buy","userId":"00000000-0000-0000-0000-000000000005","timestamp":1783167332773},{"price":134400000,"quantity":1390000,"orderId":"af87b681-a5ba-41bb-aed8-cab8aa58ab4f","filled":0,"side":"buy","userId":"00000000-0000-0000-0000-000000000008","timestamp":1783167323523},{"price":134400000,"quantity":1720000,"orderId":"0b04b6ed-9f14-400c-a1ee-32608a1a392f","filled":0,"side":"buy","userId":"00000000-0000-0000-0000-000000000008","timestamp":1783167325829},{"price":134390000,"quantity":780000,"orderId":"9c038f49-3f34-4363-b8db-6934c78d2954","filled":0,"side":"buy","userId":"00000000-0000-0000-0000-000000000008","timestamp":1783167177350},{"price":134390000,"quantity":1120000,"orderId":"d2ceac92-4b3a-4334-b959-5736e849431e","filled":0,"side":"buy","userId":"00000000-0000-0000-0000-000000000008","timestamp":1783167186147},{"price":134390000,"quantity":1010000,"orderId":"926efc6e-00b5-408b-8e05-60db3bc6e0e8","filled":0,"side":"buy","userId":"00000000-0000-0000-0000-000000000008","timestamp":1783167186959},{"price":134390000,"quantity":1410000,"orderId":"063c659a-dc99-4082-ab0a-ea13136e3033","filled":0,"side":"buy","userId":"00000000-0000-0000-0000-000000000008","timestamp":1783167192274},{"price":134390000,"quantity":270000,"orderId":"d8c737d6-389d-4621-be0e-edceada23b8a","filled":0,"side":"buy","userId":"00000000-0000-0000-0000-000000000008","timestamp":1783167194174},{"price":134390000,"quantity":550000,"orderId":"5b75c0fe-1b32-470f-a7f9-9342b42614a9","filled":0,"side":"buy","userId":"00000000-0000-0000-0000-000000000008","timestamp":1783167194941},{"price":134390000,"quantity":630000,"orderId":"6660f88e-859c-4e2e-818a-9b88113b5706","filled":0,"side":"buy","userId":"00000000-0000-0000-0000-000000000008","timestamp":1783167195459},{"price":134390000,"quantity":880000,"orderId":"7571240b-9612-4eaa-a974-f4b3e5776d3d","filled":0,"side":"buy","userId":"00000000-0000-0000-0000-000000000008","timestamp":1783167196155},{"price":134390000,"quantity":1840000,"orderId":"b70a8436-bb68-4b2b-9402-79892cdf4933","filled":0,"side":"buy","userId":"00000000-0000-0000-0000-000000000008","timestamp":1783167196425},{"price":134390000,"quantity":470000,"orderId":"7e34f1c0-2f1b-4310-814d-a5834e217b7f","filled":0,"side":"buy","userId":"00000000-0000-0000-0000-000000000008","timestamp":1783167196975},{"price":134390000,"quantity":1920000,"orderId":"1f7f3068-52b0-4595-a8a6-536bb5e3640a","filled":0,"side":"buy","userId":"00000000-0000-0000-0000-000000000008","timestamp":1783167199236},{"price":134390000,"quantity":1290000,"orderId":"e12c3de3-7179-4a12-8ebe-4162d1aaf97b","filled":0,"side":"buy","userId":"00000000-0000-0000-0000-000000000008","timestamp":1783167322931},{"price":134390000,"quantity":1990000,"orderId":"8ca3e593-1785-4ea6-8d62-0a44c4c4d2f5","filled":0,"side":"buy","userId":"00000000-0000-0000-0000-000000000008","timestamp":1783167327466},{"price":134390000,"quantity":1240000,"orderId":"ea8fb857-82d5-4454-b930-561e63e43c9b","filled":0,"side":"buy","userId":"00000000-0000-0000-0000-000000000008","timestamp":1783167329286},{"price":134390000,"quantity":1160000,"orderId":"9142946b-906e-40da-9093-760cf7f86f4f","filled":0,"side":"buy","userId":"00000000-0000-0000-0000-000000000008","timestamp":1783167332231},{"price":134380000,"quantity":1430000,"orderId":"6517d297-dd62-421e-8025-e01622cd803e","filled":0,"side":"buy","userId":"00000000-0000-0000-0000-000000000008","timestamp":1783167180808},{"price":134380000,"quantity":2070000,"orderId":"071697cc-f8f3-43e2-af74-b8266e48f9e1","filled":0,"side":"buy","userId":"00000000-0000-0000-0000-000000000008","timestamp":1783167181484},{"price":134380000,"quantity":1910000,"orderId":"3c65ef2d-2e59-4f5c-8847-875399ac94be","filled":0,"side":"buy","userId":"00000000-0000-0000-0000-000000000008","timestamp":1783167181973},{"price":134380000,"quantity":1420000,"orderId":"3672bec6-434f-481e-8a57-b8157cdef989","filled":0,"side":"buy","userId":"00000000-0000-0000-0000-000000000008","timestamp":1783167200399},{"price":134360000,"quantity":1340000,"orderId":"139675b4-204f-456d-bf0a-6c07475483dd","filled":120000,"side":"buy","userId":"00000000-0000-0000-0000-000000000008","timestamp":1783167138773},{"price":134360000,"quantity":550000,"orderId":"3bdbb891-8455-455b-afc0-0ad05c560066","filled":0,"side":"buy","userId":"00000000-0000-0000-0000-000000000008","timestamp":1783167141703},{"price":134360000,"quantity":1690000,"orderId":"c894fa1c-371a-4831-967d-880a5b59be5b","filled":0,"side":"buy","userId":"00000000-0000-0000-0000-000000000008","timestamp":1783167142751},{"price":134350000,"quantity":310000,"orderId":"f80e9d27-d8c9-4ba1-9bfd-762713ebf22f","filled":0,"side":"buy","userId":"00000000-0000-0000-0000-000000000008","timestamp":1783167139435},{"price":134350000,"quantity":1980000,"orderId":"908a0c34-3de5-44b3-8b86-51c77116ff41","filled":0,"side":"buy","userId":"00000000-0000-0000-0000-000000000008","timestamp":1783167145690},{"price":134320000,"quantity":15620000,"orderId":"f5438698-51fe-4f5b-b749-cc8f8dcf654b","filled":13650000,"side":"buy","userId":"00000000-0000-0000-0000-000000000005","timestamp":1783167263098},{"price":134320000,"quantity":10000000,"orderId":"e834b923-6096-4512-a6ee-b5a902cc9d20","filled":0,"side":"buy","userId":"00000000-0000-0000-0000-000000000005","timestamp":1783167329204},{"price":134220000,"quantity":5230000,"orderId":"75341856-39da-45ac-8c85-92f260e521cc","filled":520000,"side":"buy","userId":"00000000-0000-0000-0000-000000000005","timestamp":1783167202073},{"price":134170000,"quantity":490000,"orderId":"237a58f4-a620-4f3d-9ac1-0a6d7593c760","filled":0,"side":"buy","userId":"00000000-0000-0000-0000-000000000008","timestamp":1783160313140},{"price":134150000,"quantity":670000,"orderId":"88efed97-b5f5-4409-99c1-2ee837ba44fe","filled":320000,"side":"buy","userId":"00000000-0000-0000-0000-000000000008","timestamp":1783157520990},{"price":134150000,"quantity":710000,"orderId":"31b69942-f081-48b6-906d-3902f153d80c","filled":0,"side":"buy","userId":"00000000-0000-0000-0000-000000000008","timestamp":1783157521493},{"price":134150000,"quantity":1290000,"orderId":"3e05fa4a-8a9a-48a0-a640-a59590b17bc5","filled":0,"side":"buy","userId":"00000000-0000-0000-0000-000000000008","timestamp":1783157526261},{"price":134150000,"quantity":280000,"orderId":"4cf5859d-d6a4-4842-9ba4-ab8aa82938b0","filled":0,"side":"buy","userId":"00000000-0000-0000-0000-000000000008","timestamp":1783157529618},{"price":134150000,"quantity":1150000,"orderId":"140c1727-0092-4bc0-924c-0242413e7ac1","filled":0,"side":"buy","userId":"00000000-0000-0000-0000-000000000008","timestamp":1783157530677},{"price":134140000,"quantity":920000,"orderId":"000d6729-a138-4d75-a7ac-fd3cada6fb8c","filled":0,"side":"buy","userId":"00000000-0000-0000-0000-000000000008","timestamp":1783157510776},{"price":134140000,"quantity":1940000,"orderId":"0f451820-e306-4df5-b27e-7df6ec161ebe","filled":0,"side":"buy","userId":"00000000-0000-0000-0000-000000000008","timestamp":1783157511381},{"price":134130000,"quantity":1350000,"orderId":"0e59481a-5d95-4c4c-8a7c-ec85b1bcf5de","filled":960000,"side":"buy","userId":"00000000-0000-0000-0000-000000000008","timestamp":1783157501092},{"price":134130000,"quantity":270000,"orderId":"9ce65d5f-2bb0-4f0a-bb47-9142ca9284c0","filled":0,"side":"buy","userId":"00000000-0000-0000-0000-000000000008","timestamp":1783157503295},{"price":134130000,"quantity":710000,"orderId":"16a3d0de-3c38-4d17-a1ac-afb7892ce897","filled":0,"side":"buy","userId":"00000000-0000-0000-0000-000000000008","timestamp":1783157509732},{"price":134130000,"quantity":280000,"orderId":"5a2a7c8a-905c-4b29-943d-418f232e1577","filled":0,"side":"buy","userId":"00000000-0000-0000-0000-000000000008","timestamp":1783157522709},{"price":134120000,"quantity":8930000,"orderId":"1faee31f-abfa-4fdf-9c70-ba61b5bf0335","filled":0,"side":"buy","userId":"00000000-0000-0000-0000-000000000005","timestamp":1783167202083},{"price":134110000,"quantity":530000,"orderId":"11f52ba9-1f77-45bb-8fd8-4edcd6f42a12","filled":0,"side":"buy","userId":"00000000-0000-0000-0000-000000000008","timestamp":1783157502289},{"price":134100000,"quantity":290000,"orderId":"29a2bd79-b630-49f5-9e01-1b3754eaebe4","filled":140000,"side":"buy","userId":"00000000-0000-0000-0000-000000000008","timestamp":1783157454938},{"price":134100000,"quantity":1070000,"orderId":"429331bb-154b-4065-ae37-458927643c23","filled":0,"side":"buy","userId":"00000000-0000-0000-0000-000000000008","timestamp":1783157455958},{"price":134100000,"quantity":1530000,"orderId":"d3288681-a0f2-4b1b-8f03-4ccc50e31ef2","filled":0,"side":"buy","userId":"00000000-0000-0000-0000-000000000008","timestamp":1783157457204},{"price":134100000,"quantity":780000,"orderId":"6bfb9348-c9cf-480e-b0c2-d11b8e953aeb","filled":0,"side":"buy","userId":"00000000-0000-0000-0000-000000000008","timestamp":1783157498332},{"price":134100000,"quantity":1420000,"orderId":"cf5b997d-f80a-44d8-aa53-b39f99a41c30","filled":0,"side":"buy","userId":"00000000-0000-0000-0000-000000000008","timestamp":1783157499225},{"price":134090000,"quantity":650000,"orderId":"9aa0d417-b897-4f52-b35f-1154d29bec1e","filled":0,"side":"buy","userId":"00000000-0000-0000-0000-000000000008","timestamp":1783157500276},{"price":134080000,"quantity":1650000,"orderId":"4697ec51-34ff-43c3-bf96-12afc7cef813","filled":0,"side":"buy","userId":"00000000-0000-0000-0000-000000000008","timestamp":1783152400604},{"price":134060000,"quantity":1190000,"orderId":"e13ce8c0-a8a4-4d85-8b49-efa9dad55786","filled":0,"side":"buy","userId":"00000000-0000-0000-0000-000000000008","timestamp":1783152401258},{"price":134040000,"quantity":1370000,"orderId":"3004d94b-7c48-448c-b1a8-62cce323bbb1","filled":0,"side":"buy","userId":"00000000-0000-0000-0000-000000000008","timestamp":1783152402536},{"price":134020000,"quantity":1730000,"orderId":"c3d68b00-41ba-4e4e-a423-e6d1f88f4018","filled":0,"side":"buy","userId":"00000000-0000-0000-0000-000000000008","timestamp":1783152403800},{"price":134020000,"quantity":4130000,"orderId":"a6f6ee8b-745c-45c8-bc54-5422919d6e25","filled":3960000,"side":"buy","userId":"00000000-0000-0000-0000-000000000005","timestamp":1783157505579},{"price":134020000,"quantity":14330000,"orderId":"12129988-1547-44f2-9d0e-72d2542fa594","filled":0,"side":"buy","userId":"00000000-0000-0000-0000-000000000005","timestamp":1783157529304},{"price":134000000,"quantity":1330000,"orderId":"3ebad82a-3b61-475d-9fa9-4da9fc689f12","filled":0,"side":"buy","userId":"00000000-0000-0000-0000-000000000008","timestamp":1783152404599},{"price":133980000,"quantity":490000,"orderId":"581a8b8e-3efb-40ff-97d5-b975fcffcf22","filled":0,"side":"buy","userId":"00000000-0000-0000-0000-000000000008","timestamp":1783152406291},{"price":133970000,"quantity":6550000,"orderId":"8c3473bf-4f62-42fb-a1ba-3a8d1590e34a","filled":0,"side":"buy","userId":"00000000-0000-0000-0000-000000000005","timestamp":1783152412836},{"price":133960000,"quantity":510000,"orderId":"cd1c9af7-88a0-480a-8ae6-ca7683423cea","filled":0,"side":"buy","userId":"00000000-0000-0000-0000-000000000008","timestamp":1783152407529},{"price":133950000,"quantity":9320000,"orderId":"34eda80b-3ab1-431f-8fa0-8fbad3091ce4","filled":0,"side":"buy","userId":"00000000-0000-0000-0000-000000000005","timestamp":1783152425806},{"price":133940000,"quantity":2120000,"orderId":"da87dc73-031e-4408-b4f3-38b40d2782d4","filled":0,"side":"buy","userId":"00000000-0000-0000-0000-000000000008","timestamp":1783152408267},{"price":133940000,"quantity":14590000,"orderId":"4b6c49c8-9104-4c7b-b64c-465c68ca6f8b","filled":0,"side":"buy","userId":"00000000-0000-0000-0000-000000000005","timestamp":1783152426967},{"price":133920000,"quantity":910000,"orderId":"164b0fee-ba91-4563-91eb-61e0c26548e6","filled":0,"side":"buy","userId":"00000000-0000-0000-0000-000000000008","timestamp":1783152410203},{"price":133900000,"quantity":1350000,"orderId":"3eaabb64-93b5-4c46-8027-ac0e8cdac126","filled":0,"side":"buy","userId":"00000000-0000-0000-0000-000000000008","timestamp":1783152410463},{"price":133900000,"quantity":12810000,"orderId":"e8a42640-08bc-435d-8677-d9619e102ccf","filled":0,"side":"buy","userId":"00000000-0000-0000-0000-000000000005","timestamp":1783152440387},{"price":133880000,"quantity":620000,"orderId":"f981ad27-15da-43d8-97d2-7223b0853277","filled":0,"side":"buy","userId":"00000000-0000-0000-0000-000000000008","timestamp":1783152411007},{"price":133850000,"quantity":10120000,"orderId":"c6ae532c-3afb-4581-8494-7af0a6a4e948","filled":0,"side":"buy","userId":"00000000-0000-0000-0000-000000000005","timestamp":1783152425819},{"price":133830000,"quantity":730000,"orderId":"3bff55d5-aaf5-454d-bf23-91341d123636","filled":0,"side":"buy","userId":"00000000-0000-0000-0000-000000000008","timestamp":1783152441282},{"price":133810000,"quantity":350000,"orderId":"1d0e38d2-69e7-47fd-a413-40ce58ddcbf9","filled":0,"side":"buy","userId":"00000000-0000-0000-0000-000000000008","timestamp":1783152445646}],"asks":[{"price":134850000,"quantity":1190000,"orderId":"45dd182c-8371-43f8-8d79-4d63b7a247d4","filled":1130000,"side":"sell","userId":"00000000-0000-0000-0000-000000000008","timestamp":1783167324520},{"price":134850000,"quantity":770000,"orderId":"cff364cb-92c3-42a6-b5c7-6f8059f24fc5","filled":0,"side":"sell","userId":"00000000-0000-0000-0000-000000000008","timestamp":1783167326263},{"price":134870000,"quantity":470000,"orderId":"409a312a-d73d-4f0a-98cb-de329c65a3b1","filled":0,"side":"sell","userId":"00000000-0000-0000-0000-000000000008","timestamp":1783167330378},{"price":134880000,"quantity":1360000,"orderId":"3abcc3cd-0e0a-4fec-9506-2327ba4b9fa1","filled":0,"side":"sell","userId":"00000000-0000-0000-0000-000000000008","timestamp":1783167318932},{"price":134880000,"quantity":1460000,"orderId":"2331005c-11a1-4ba3-b00a-e97c64fa8ac0","filled":0,"side":"sell","userId":"00000000-0000-0000-0000-000000000008","timestamp":1783167319486},{"price":134880000,"quantity":1830000,"orderId":"472282f5-5d41-4736-96be-5e7990a2bbc9","filled":0,"side":"sell","userId":"00000000-0000-0000-0000-000000000008","timestamp":1783167320573},{"price":134880000,"quantity":220000,"orderId":"bc551849-6cc9-4917-a544-0fef712ee3e3","filled":0,"side":"sell","userId":"00000000-0000-0000-0000-000000000008","timestamp":1783167322333},{"price":134910000,"quantity":1680000,"orderId":"624ff8b2-5770-419b-b1db-32959065674f","filled":0,"side":"sell","userId":"00000000-0000-0000-0000-000000000008","timestamp":1783167314922},{"price":134930000,"quantity":1590000,"orderId":"7883664b-9721-428b-867d-045507709aa8","filled":0,"side":"sell","userId":"00000000-0000-0000-0000-000000000008","timestamp":1783167318621},{"price":134940000,"quantity":14710000,"orderId":"8864d348-2b12-47e1-8d1f-22b4b8fae798","filled":11430000,"side":"sell","userId":"00000000-0000-0000-0000-000000000005","timestamp":1783167318591},{"price":134950000,"quantity":1350000,"orderId":"8033c634-410e-438e-b8d3-bf1f860401ea","filled":900000,"side":"sell","userId":"00000000-0000-0000-0000-000000000008","timestamp":1783166843501},{"price":134950000,"quantity":500000,"orderId":"f700324c-abc4-4467-a0ee-1ca5102ccad8","filled":0,"side":"sell","userId":"00000000-0000-0000-0000-000000000008","timestamp":1783166844503},{"price":134950000,"quantity":1190000,"orderId":"57fd9cfb-de2f-429e-b7da-3563a2a2ecf4","filled":0,"side":"sell","userId":"00000000-0000-0000-0000-000000000008","timestamp":1783166845669},{"price":134950000,"quantity":760000,"orderId":"79c4b5f9-c911-4c6f-be31-b39293cfde33","filled":0,"side":"sell","userId":"00000000-0000-0000-0000-000000000008","timestamp":1783166848542},{"price":134950000,"quantity":440000,"orderId":"82f5643f-4294-4b0b-99c7-e6f5b79c51dc","filled":0,"side":"sell","userId":"00000000-0000-0000-0000-000000000008","timestamp":1783166951876},{"price":134950000,"quantity":1300000,"orderId":"e8e2a6b2-268b-4a47-87e0-750fae04f6d5","filled":0,"side":"sell","userId":"00000000-0000-0000-0000-000000000008","timestamp":1783166952508},{"price":134950000,"quantity":730000,"orderId":"43491ebc-6e98-4151-b6cf-294afbee2cff","filled":0,"side":"sell","userId":"00000000-0000-0000-0000-000000000008","timestamp":1783166952926},{"price":134950000,"quantity":2070000,"orderId":"fe41fbac-c99b-49f8-bc8b-f624e8aa23f8","filled":0,"side":"sell","userId":"00000000-0000-0000-0000-000000000008","timestamp":1783166955264},{"price":134950000,"quantity":570000,"orderId":"34f4bea7-2af6-43a1-8057-1f19124eb5e9","filled":0,"side":"sell","userId":"00000000-0000-0000-0000-000000000008","timestamp":1783166958132},{"price":134950000,"quantity":1900000,"orderId":"0cdcfe38-1b1f-48c5-b4dc-871d9b3ee78f","filled":0,"side":"sell","userId":"00000000-0000-0000-0000-000000000008","timestamp":1783167249849},{"price":134950000,"quantity":2020000,"orderId":"7d7d4711-1e0d-4f91-9720-bb2b17550bd7","filled":0,"side":"sell","userId":"00000000-0000-0000-0000-000000000008","timestamp":1783167251445},{"price":134950000,"quantity":2110000,"orderId":"38b18c82-6ed2-4b85-8f87-cd91303643e5","filled":0,"side":"sell","userId":"00000000-0000-0000-0000-000000000008","timestamp":1783167251795},{"price":134950000,"quantity":430000,"orderId":"ddff1660-2ea7-4c09-bf96-0e2c49641779","filled":0,"side":"sell","userId":"00000000-0000-0000-0000-000000000008","timestamp":1783167260117},{"price":134950000,"quantity":370000,"orderId":"af6da137-e621-49dd-8d0a-f45b4554e062","filled":0,"side":"sell","userId":"00000000-0000-0000-0000-000000000008","timestamp":1783167260854},{"price":134950000,"quantity":680000,"orderId":"23a5b0d0-d287-486b-8244-b23fc215c62e","filled":0,"side":"sell","userId":"00000000-0000-0000-0000-000000000008","timestamp":1783167261121},{"price":134950000,"quantity":1050000,"orderId":"740b965c-6cfe-4688-beb4-4c422b710313","filled":0,"side":"sell","userId":"00000000-0000-0000-0000-000000000008","timestamp":1783167261461},{"price":134950000,"quantity":1430000,"orderId":"435eee7f-d7a1-47f4-966b-38a04080e98d","filled":0,"side":"sell","userId":"00000000-0000-0000-0000-000000000008","timestamp":1783167261713},{"price":134950000,"quantity":1870000,"orderId":"a435486f-243a-4517-bf11-62f48c3eed03","filled":0,"side":"sell","userId":"00000000-0000-0000-0000-000000000008","timestamp":1783167262551},{"price":134950000,"quantity":1300000,"orderId":"24eee68d-6768-487a-b1c1-b0b2a94b0c76","filled":0,"side":"sell","userId":"00000000-0000-0000-0000-000000000008","timestamp":1783167263606},{"price":134960000,"quantity":410000,"orderId":"ddf0d3d8-8689-47cc-86f2-4872d6bfe447","filled":0,"side":"sell","userId":"00000000-0000-0000-0000-000000000008","timestamp":1783166958487},{"price":134960000,"quantity":1550000,"orderId":"60e885d9-6423-4147-bfed-691130b095df","filled":0,"side":"sell","userId":"00000000-0000-0000-0000-000000000008","timestamp":1783166964669},{"price":134960000,"quantity":1270000,"orderId":"e4e76c89-0c58-4fef-9a67-9b6a42d73326","filled":0,"side":"sell","userId":"00000000-0000-0000-0000-000000000008","timestamp":1783166965778},{"price":134960000,"quantity":970000,"orderId":"93b36097-c16d-4165-9ea2-872351b4ceee","filled":0,"side":"sell","userId":"00000000-0000-0000-0000-000000000008","timestamp":1783166966491},{"price":134960000,"quantity":840000,"orderId":"f5938cb7-271c-4549-9222-c83d0c1df5e9","filled":0,"side":"sell","userId":"00000000-0000-0000-0000-000000000008","timestamp":1783166966955},{"price":134980000,"quantity":270000,"orderId":"e658241d-0534-41fe-8a01-4deb2f57e594","filled":0,"side":"sell","userId":"00000000-0000-0000-0000-000000000008","timestamp":1783152341665},{"price":135000000,"quantity":580000,"orderId":"200cfb3a-c61d-40eb-b728-d40115b960c3","filled":0,"side":"sell","userId":"00000000-0000-0000-0000-000000000008","timestamp":1783152343032},{"price":135000000,"quantity":870000,"orderId":"b447c880-5eb8-44db-b622-01d03aad6d43","filled":0,"side":"sell","userId":"00000000-0000-0000-0000-000000000008","timestamp":1783152343883},{"price":135000000,"quantity":1340000,"orderId":"611d4906-9e92-4d06-96bb-58da4d2af406","filled":0,"side":"sell","userId":"00000000-0000-0000-0000-000000000008","timestamp":1783152346544},{"price":135010000,"quantity":1110000,"orderId":"a8e87126-af17-40dd-a494-6a93baee2445","filled":0,"side":"sell","userId":"00000000-0000-0000-0000-000000000008","timestamp":1783152340014},{"price":135010000,"quantity":880000,"orderId":"1785019a-c0bd-4a61-b693-b77afb691165","filled":0,"side":"sell","userId":"00000000-0000-0000-0000-000000000008","timestamp":1783152340558},{"price":135030000,"quantity":770000,"orderId":"e7d6bb0f-4c8d-4b7a-ba1c-458f4f998665","filled":0,"side":"sell","userId":"00000000-0000-0000-0000-000000000008","timestamp":1783152341232},{"price":135050000,"quantity":980000,"orderId":"cc137fc3-ddc3-4548-877e-590d63fcb77f","filled":0,"side":"sell","userId":"00000000-0000-0000-0000-000000000008","timestamp":1783152338267},{"price":135070000,"quantity":5320000,"orderId":"7fe420bb-3330-4959-a3af-5f276f2d8fac","filled":3130000,"side":"sell","userId":"00000000-0000-0000-0000-000000000005","timestamp":1783167249835},{"price":135070000,"quantity":7960000,"orderId":"2a6b8684-4833-4746-826a-19efb8088bf9","filled":0,"side":"sell","userId":"00000000-0000-0000-0000-000000000005","timestamp":1783167304552},{"price":135120000,"quantity":2100000,"orderId":"7d1929a9-f77b-48a2-a160-1637fa3c4e6a","filled":0,"side":"sell","userId":"00000000-0000-0000-0000-000000000008","timestamp":1783152336390},{"price":135150000,"quantity":14420000,"orderId":"6673186e-07c7-4165-ab0f-1d9d83e5f437","filled":240000,"side":"sell","userId":"00000000-0000-0000-0000-000000000005","timestamp":1783166820371},{"price":135240000,"quantity":14650000,"orderId":"53ae66bd-b2f5-40ed-936c-22c142cd399f","filled":0,"side":"sell","userId":"00000000-0000-0000-0000-000000000005","timestamp":1783166820409},{"price":135340000,"quantity":1960000,"orderId":"ccdadb4c-3bbb-4f76-b076-2792db0723d8","filled":0,"side":"sell","userId":"00000000-0000-0000-0000-000000000008","timestamp":1783152310847},{"price":135340000,"quantity":2060000,"orderId":"c8a9bf24-8e7f-4f34-ab10-a736c06c514b","filled":0,"side":"sell","userId":"00000000-0000-0000-0000-000000000008","timestamp":1783152311495},{"price":135340000,"quantity":650000,"orderId":"c0cdc278-edce-4f11-8971-26d38079dc82","filled":0,"side":"sell","userId":"00000000-0000-0000-0000-000000000008","timestamp":1783152312950},{"price":135360000,"quantity":510000,"orderId":"8c4d2cc6-13cf-4826-a3bb-4082a04cf487","filled":0,"side":"sell","userId":"00000000-0000-0000-0000-000000000008","timestamp":1783152315307},{"price":135370000,"quantity":1310000,"orderId":"3e12cd04-b248-434f-b313-8925bf16d22c","filled":0,"side":"sell","userId":"00000000-0000-0000-0000-000000000008","timestamp":1783152305801},{"price":135370000,"quantity":1850000,"orderId":"c787e92b-c256-45a1-b702-efae9e2c34dd","filled":0,"side":"sell","userId":"00000000-0000-0000-0000-000000000008","timestamp":1783152307038},{"price":135370000,"quantity":1280000,"orderId":"75f2e2ae-9436-4856-874a-3b5e26557e78","filled":0,"side":"sell","userId":"00000000-0000-0000-0000-000000000008","timestamp":1783152307517},{"price":135420000,"quantity":1770000,"orderId":"c332deca-2b8f-402b-8c18-a408c07509be","filled":0,"side":"sell","userId":"00000000-0000-0000-0000-000000000008","timestamp":1783152305223},{"price":135470000,"quantity":340000,"orderId":"fbf645f0-f7ab-4b68-9b51-d177a37c5fc5","filled":0,"side":"sell","userId":"00000000-0000-0000-0000-000000000008","timestamp":1783152302537},{"price":135470000,"quantity":380000,"orderId":"e77dd475-26ca-4d0d-9fa2-117108b52d35","filled":0,"side":"sell","userId":"00000000-0000-0000-0000-000000000008","timestamp":1783152303400},{"price":135490000,"quantity":560000,"orderId":"3af5f545-4a08-411f-b268-55e0d6f293e0","filled":0,"side":"sell","userId":"00000000-0000-0000-0000-000000000008","timestamp":1783152304422},{"price":135590000,"quantity":2520000,"orderId":"86350259-7ca2-4f3e-a0d5-b59ef7be2999","filled":2130000,"side":"sell","userId":"00000000-0000-0000-0000-000000000005","timestamp":1783152281662},{"price":135630000,"quantity":1070000,"orderId":"a82bb62e-b56d-492c-8e5c-2df7817db278","filled":0,"side":"sell","userId":"00000000-0000-0000-0000-000000000008","timestamp":1783152273595},{"price":135630000,"quantity":310000,"orderId":"4b47675e-9604-49c9-90e9-294ecafb6b21","filled":0,"side":"sell","userId":"00000000-0000-0000-0000-000000000008","timestamp":1783152275173},{"price":135630000,"quantity":250000,"orderId":"c6695db4-1051-49ff-b0c7-d465c40d96a3","filled":0,"side":"sell","userId":"00000000-0000-0000-0000-000000000008","timestamp":1783152275557},{"price":135630000,"quantity":1890000,"orderId":"4da8f284-445b-4e37-a9f7-b6d482afddc9","filled":0,"side":"sell","userId":"00000000-0000-0000-0000-000000000008","timestamp":1783152276199},{"price":135630000,"quantity":430000,"orderId":"b1f2a8d4-dfa2-4945-9335-7cfe5a172f6b","filled":0,"side":"sell","userId":"00000000-0000-0000-0000-000000000008","timestamp":1783152277445},{"price":135630000,"quantity":1030000,"orderId":"e84fcc63-00b5-4a27-8523-d938650f5389","filled":0,"side":"sell","userId":"00000000-0000-0000-0000-000000000008","timestamp":1783152277820},{"price":135650000,"quantity":1740000,"orderId":"49766807-b86f-42f6-9924-2c4e0f6300a0","filled":0,"side":"sell","userId":"00000000-0000-0000-0000-000000000008","timestamp":1783152281684},{"price":135660000,"quantity":1450000,"orderId":"20675c8d-34e5-4c85-b188-524a5aa4c758","filled":0,"side":"sell","userId":"00000000-0000-0000-0000-000000000008","timestamp":1783152271113},{"price":135660000,"quantity":6350000,"orderId":"9e1e929e-e381-4631-ab0f-7813c494a7fa","filled":0,"side":"sell","userId":"00000000-0000-0000-0000-000000000005","timestamp":1783152271576},{"price":135740000,"quantity":1060000,"orderId":"562222f6-8a4e-4d84-b371-2c3a0e836e8d","filled":0,"side":"sell","userId":"00000000-0000-0000-0000-000000000008","timestamp":1783152268863},{"price":135740000,"quantity":680000,"orderId":"eac98657-28fa-49c5-98da-46a1ec0fedcd","filled":0,"side":"sell","userId":"00000000-0000-0000-0000-000000000008","timestamp":1783152269248},{"price":135780000,"quantity":1550000,"orderId":"02e33cb1-3cd8-46eb-9e40-04247d944c48","filled":0,"side":"sell","userId":"00000000-0000-0000-0000-000000000008","timestamp":1783152257052},{"price":135780000,"quantity":320000,"orderId":"5cd947dd-cf5e-4fd1-a1a1-8c071c17edb1","filled":0,"side":"sell","userId":"00000000-0000-0000-0000-000000000008","timestamp":1783152258609},{"price":135800000,"quantity":1320000,"orderId":"b6823b96-3759-4c82-97f0-6e61c4b521fa","filled":0,"side":"sell","userId":"00000000-0000-0000-0000-000000000008","timestamp":1783152259356},{"price":135800000,"quantity":1270000,"orderId":"0eea25d4-07ba-417b-a82f-612561cbb526","filled":0,"side":"sell","userId":"00000000-0000-0000-0000-000000000008","timestamp":1783152266471},{"price":135810000,"quantity":370000,"orderId":"5473b14c-5183-4795-930b-2afa737229d5","filled":0,"side":"sell","userId":"00000000-0000-0000-0000-000000000008","timestamp":1783152255796},{"price":135810000,"quantity":14510000,"orderId":"7ee5d448-1552-46b5-9b2d-4d8c34cc610d","filled":13750000,"side":"sell","userId":"00000000-0000-0000-0000-000000000005","timestamp":1783152266435},{"price":135840000,"quantity":790000,"orderId":"0c7e651c-3c71-40c3-a40b-955637a34295","filled":0,"side":"sell","userId":"00000000-0000-0000-0000-000000000008","timestamp":1783152252988},{"price":135890000,"quantity":1740000,"orderId":"685d436e-fa49-45cb-9a9d-eb32e90eaab5","filled":0,"side":"sell","userId":"00000000-0000-0000-0000-000000000008","timestamp":1783152248277},{"price":135910000,"quantity":2010000,"orderId":"b1e7a5e3-5cda-47e1-b0d0-3723ef6dc9ce","filled":0,"side":"sell","userId":"00000000-0000-0000-0000-000000000008","timestamp":1783152250978},{"price":135960000,"quantity":270000,"orderId":"bc2d1904-9a9e-4de8-9ddf-a3d672b46b01","filled":0,"side":"sell","userId":"00000000-0000-0000-0000-000000000008","timestamp":1783152247255},{"price":135980000,"quantity":340000,"orderId":"cd2f0421-ea94-417d-9f25-d1d85e33772e","filled":0,"side":"sell","userId":"00000000-0000-0000-0000-000000000008","timestamp":1783152247970},{"price":136020000,"quantity":11420000,"orderId":"6af91a6b-99f3-4686-b35c-eef235313a21","filled":0,"side":"sell","userId":"00000000-0000-0000-0000-000000000005","timestamp":1783152245695},{"price":136080000,"quantity":1950000,"orderId":"7e154828-8455-45a5-be9a-93784d3ab060","filled":0,"side":"sell","userId":"00000000-0000-0000-0000-000000000008","timestamp":1783151911680},{"price":136080000,"quantity":2190000,"orderId":"d6f06ca4-3b8d-4010-babe-356af466b7b9","filled":0,"side":"sell","userId":"00000000-0000-0000-0000-000000000008","timestamp":1783151913576},{"price":136080000,"quantity":670000,"orderId":"e8dbb168-a917-4d46-b4b8-dc1f8654b38a","filled":0,"side":"sell","userId":"00000000-0000-0000-0000-000000000008","timestamp":1783151913820},{"price":136080000,"quantity":1380000,"orderId":"9928303f-17bc-49b7-b6c6-ebe8d3032b44","filled":0,"side":"sell","userId":"00000000-0000-0000-0000-000000000005","timestamp":1783152246165},{"price":136160000,"quantity":710000,"orderId":"542786a0-6edf-460a-868b-932722cf5c86","filled":0,"side":"sell","userId":"00000000-0000-0000-0000-000000000008","timestamp":1783151911011},{"price":136170000,"quantity":970000,"orderId":"24b36e5f-0e45-42c0-b517-6b35345b9e53","filled":0,"side":"sell","userId":"00000000-0000-0000-0000-000000000008","timestamp":1783151899110},{"price":136280000,"quantity":1050000,"orderId":"8f54ce1f-e64f-45f7-ac64-c064d99782ea","filled":0,"side":"sell","userId":"00000000-0000-0000-0000-000000000008","timestamp":1783151881601},{"price":136300000,"quantity":1250000,"orderId":"9413072b-bea1-4377-817e-4bc98b367b35","filled":0,"side":"sell","userId":"00000000-0000-0000-0000-000000000008","timestamp":1783151898529},{"price":136400000,"quantity":320000,"orderId":"f11d2aa7-4a65-4a29-92f4-945bb932c05f","filled":0,"side":"sell","userId":"00000000-0000-0000-0000-000000000008","timestamp":1783151866497},{"price":136400000,"quantity":780000,"orderId":"61af084a-8129-4222-a572-cb35cef0ec3c","filled":0,"side":"sell","userId":"00000000-0000-0000-0000-000000000008","timestamp":1783151877006},{"price":136400000,"quantity":1710000,"orderId":"d15fcaa0-a12a-440c-b5b8-d67415927cba","filled":0,"side":"sell","userId":"00000000-0000-0000-0000-000000000008","timestamp":1783151877413},{"price":136400000,"quantity":1110000,"orderId":"5778a8a3-9588-4816-bcd0-6db35bca7f88","filled":0,"side":"sell","userId":"00000000-0000-0000-0000-000000000008","timestamp":1783151877993},{"price":136410000,"quantity":12590000,"orderId":"6dcdd9a1-eafd-4b41-94ba-f12b70a5d384","filled":1180000,"side":"sell","userId":"00000000-0000-0000-0000-000000000005","timestamp":1783151878788},{"price":136510000,"quantity":1580000,"orderId":"878f2bcb-8516-420b-9a70-8a21f1e12b76","filled":0,"side":"sell","userId":"00000000-0000-0000-0000-000000000008","timestamp":1783151865285},{"price":136580000,"quantity":1750000,"orderId":"90090b56-6955-440a-b689-118911d220d8","filled":0,"side":"sell","userId":"00000000-0000-0000-0000-000000000008","timestamp":1783151859209},{"price":136580000,"quantity":1650000,"orderId":"f2b987e0-c7d0-4012-a2d3-ffab31c22ab1","filled":0,"side":"sell","userId":"00000000-0000-0000-0000-000000000008","timestamp":1783151861226},{"price":136580000,"quantity":1390000,"orderId":"06afdf11-ba27-4ac5-aab5-bf561b3a1eab","filled":0,"side":"sell","userId":"00000000-0000-0000-0000-000000000008","timestamp":1783151862129},{"price":136580000,"quantity":400000,"orderId":"6e0212a2-0c49-46aa-888b-b4dab830c7fc","filled":0,"side":"sell","userId":"00000000-0000-0000-0000-000000000008","timestamp":1783151863058},{"price":136600000,"quantity":1300000,"orderId":"158c5843-aff2-436f-86d3-803af116a4b4","filled":0,"side":"sell","userId":"00000000-0000-0000-0000-000000000008","timestamp":1783151863901},{"price":136710000,"quantity":2000000,"orderId":"dc4f7917-653f-4ca7-ad44-990e2741e148","filled":0,"side":"sell","userId":"00000000-0000-0000-0000-000000000008","timestamp":1783151855280},{"price":136710000,"quantity":1260000,"orderId":"c2ebd5cd-f1c7-4615-bc81-da52ef5fda84","filled":0,"side":"sell","userId":"00000000-0000-0000-0000-000000000008","timestamp":1783151856800},{"price":136760000,"quantity":460000,"orderId":"55aac774-0890-4fc6-9232-7937a5836c01","filled":0,"side":"sell","userId":"00000000-0000-0000-0000-000000000008","timestamp":1783151846213},{"price":136780000,"quantity":1670000,"orderId":"d9cad5be-96d2-40ff-8810-45747a5befcc","filled":0,"side":"sell","userId":"00000000-0000-0000-0000-000000000008","timestamp":1783151851232},{"price":136780000,"quantity":1200000,"orderId":"62a56882-9768-4816-ac74-0d2b601b1e17","filled":0,"side":"sell","userId":"00000000-0000-0000-0000-000000000008","timestamp":1783151851945},{"price":136800000,"quantity":1340000,"orderId":"69f13976-5619-4809-bf4e-50a104c3b5e8","filled":0,"side":"sell","userId":"00000000-0000-0000-0000-000000000008","timestamp":1783151832437},{"price":136800000,"quantity":1460000,"orderId":"23db7f24-3aa8-403c-bc9d-802c5e1acf17","filled":0,"side":"sell","userId":"00000000-0000-0000-0000-000000000008","timestamp":1783151833066},{"price":136800000,"quantity":490000,"orderId":"34a16f10-812f-46eb-acca-4d4aa7c1ef30","filled":0,"side":"sell","userId":"00000000-0000-0000-0000-000000000008","timestamp":1783151833399},{"price":136800000,"quantity":1680000,"orderId":"2b65b394-45b7-4d3c-8258-61eaf6858513","filled":0,"side":"sell","userId":"00000000-0000-0000-0000-000000000008","timestamp":1783151833723},{"price":136800000,"quantity":450000,"orderId":"52989f1d-64a0-4bb1-8180-ec9586538237","filled":0,"side":"sell","userId":"00000000-0000-0000-0000-000000000008","timestamp":1783151834065},{"price":136880000,"quantity":2200000,"orderId":"1b69bc04-4183-4bd2-a945-ca9b4cad14b6","filled":0,"side":"sell","userId":"00000000-0000-0000-0000-000000000008","timestamp":1783151819713},{"price":136900000,"quantity":1460000,"orderId":"b37ba611-4e8f-4881-abb4-c9671fcb3a96","filled":0,"side":"sell","userId":"00000000-0000-0000-0000-000000000008","timestamp":1783151820264},{"price":136960000,"quantity":2100000,"orderId":"38c8e0a2-e897-48b0-b43d-b298ccb867eb","filled":750000,"side":"sell","userId":"00000000-0000-0000-0000-000000000008","timestamp":1783151804237},{"price":136980000,"quantity":1490000,"orderId":"7b965b5c-322f-4ee0-aa53-5c28a902a3da","filled":0,"side":"sell","userId":"00000000-0000-0000-0000-000000000008","timestamp":1783151806027},{"price":136980000,"quantity":1140000,"orderId":"beb548a1-65fe-4172-81c8-01e65b8d766d","filled":0,"side":"sell","userId":"00000000-0000-0000-0000-000000000008","timestamp":1783151818542},{"price":137020000,"quantity":1210000,"orderId":"c58d93a8-6d39-4d15-a004-baae4cb3db30","filled":0,"side":"sell","userId":"00000000-0000-0000-0000-000000000008","timestamp":1783151801381},{"price":137020000,"quantity":1990000,"orderId":"ae9aa39a-fc1d-4f3c-ad44-820b6a4cbe0b","filled":0,"side":"sell","userId":"00000000-0000-0000-0000-000000000008","timestamp":1783151802524},{"price":137040000,"quantity":2050000,"orderId":"f16e2c61-063b-4d6a-8ff2-186a7bb2c6a2","filled":0,"side":"sell","userId":"00000000-0000-0000-0000-000000000008","timestamp":1783151803836},{"price":137050000,"quantity":950000,"orderId":"f186340d-75fc-4948-844b-003891ee1983","filled":0,"side":"sell","userId":"00000000-0000-0000-0000-000000000008","timestamp":1783151800492},{"price":137110000,"quantity":230000,"orderId":"c412dddf-cb11-4664-9cc7-9e2570231900","filled":0,"side":"sell","userId":"00000000-0000-0000-0000-000000000008","timestamp":1783151797823},{"price":137130000,"quantity":1380000,"orderId":"1a4b0861-bbd4-4856-b997-4d933a320759","filled":0,"side":"sell","userId":"00000000-0000-0000-0000-000000000008","timestamp":1783151799791},{"price":137160000,"quantity":580000,"orderId":"f81569c8-e3a3-45a5-a82e-54e3f75cd515","filled":0,"side":"sell","userId":"00000000-0000-0000-0000-000000000008","timestamp":1783151792785},{"price":137160000,"quantity":2060000,"orderId":"8c1d358a-b6a5-42d3-b813-1c2a89aeed8c","filled":0,"side":"sell","userId":"00000000-0000-0000-0000-000000000008","timestamp":1783151794218},{"price":137190000,"quantity":520000,"orderId":"547884c6-d169-4fd3-b159-fa5724b9841b","filled":0,"side":"sell","userId":"00000000-0000-0000-0000-000000000008","timestamp":1783151778636},{"price":137190000,"quantity":1230000,"orderId":"b45a5aa6-810f-4aca-8bc3-8111b7806a30","filled":0,"side":"sell","userId":"00000000-0000-0000-0000-000000000008","timestamp":1783151779558},{"price":137190000,"quantity":600000,"orderId":"8d8a919c-be33-4796-8fd9-d414667cd4ac","filled":0,"side":"sell","userId":"00000000-0000-0000-0000-000000000008","timestamp":1783151791203},{"price":137190000,"quantity":2020000,"orderId":"1252f488-2e95-467c-b561-f657849df79b","filled":0,"side":"sell","userId":"00000000-0000-0000-0000-000000000008","timestamp":1783151791569},{"price":137270000,"quantity":930000,"orderId":"24eaf480-6661-456c-9a27-b50c4d65ce0a","filled":0,"side":"sell","userId":"00000000-0000-0000-0000-000000000008","timestamp":1783151776046},{"price":137310000,"quantity":1620000,"orderId":"e49ee24c-c260-4fb1-9b37-be223cd13219","filled":0,"side":"sell","userId":"00000000-0000-0000-0000-000000000008","timestamp":1783151759775},{"price":137350000,"quantity":1750000,"orderId":"6495d961-9826-47ee-bfa2-20fc42b647b7","filled":0,"side":"sell","userId":"00000000-0000-0000-0000-000000000008","timestamp":1783151755648},{"price":137350000,"quantity":490000,"orderId":"be55d6db-92b0-419d-8e15-c2b6a5916d0d","filled":0,"side":"sell","userId":"00000000-0000-0000-0000-000000000008","timestamp":1783151756316},{"price":137390000,"quantity":620000,"orderId":"c44291f5-9997-408b-ad42-d3853048692c","filled":0,"side":"sell","userId":"00000000-0000-0000-0000-000000000008","timestamp":1783151752311},{"price":137400000,"quantity":710000,"orderId":"1e0ec0c1-274c-48eb-b6f4-9cb3188efdc3","filled":0,"side":"sell","userId":"00000000-0000-0000-0000-000000000008","timestamp":1783151738106},{"price":137400000,"quantity":1190000,"orderId":"c34927b1-599a-429b-9304-fe96b69d0ded","filled":0,"side":"sell","userId":"00000000-0000-0000-0000-000000000008","timestamp":1783151739192},{"price":137410000,"quantity":2060000,"orderId":"a5749743-8f16-4858-8360-b2b389e761be","filled":0,"side":"sell","userId":"00000000-0000-0000-0000-000000000008","timestamp":1783151755089},{"price":137490000,"quantity":1090000,"orderId":"c8b55b33-8374-4b7f-a571-bbf106ce1187","filled":0,"side":"sell","userId":"00000000-0000-0000-0000-000000000008","timestamp":1783151737141},{"price":137530000,"quantity":1550000,"orderId":"cf1ba060-92b1-4a68-84da-7437d949ad77","filled":0,"side":"sell","userId":"00000000-0000-0000-0000-000000000008","timestamp":1783151731625},{"price":137530000,"quantity":860000,"orderId":"5e8e905a-2283-4ea6-b363-80e3959a9c39","filled":0,"side":"sell","userId":"00000000-0000-0000-0000-000000000008","timestamp":1783151732108},{"price":137670000,"quantity":970000,"orderId":"7bf3a313-a9e1-4874-a7c8-8a0f2279fb81","filled":0,"side":"sell","userId":"00000000-0000-0000-0000-000000000008","timestamp":1783151715679},{"price":137700000,"quantity":310000,"orderId":"81154025-03c5-44cd-b187-334237dc4cd6","filled":0,"side":"sell","userId":"00000000-0000-0000-0000-000000000008","timestamp":1783151687570},{"price":137720000,"quantity":350000,"orderId":"891fc251-ceba-4b25-a682-9de4b07bd4e0","filled":0,"side":"sell","userId":"00000000-0000-0000-0000-000000000008","timestamp":1783151688236},{"price":137720000,"quantity":1290000,"orderId":"a5018b38-3a7e-4fa1-b58a-6bed2420206b","filled":0,"side":"sell","userId":"00000000-0000-0000-0000-000000000008","timestamp":1783151690231},{"price":137750000,"quantity":1990000,"orderId":"beeecaec-c1c0-40c6-8f21-d81d5cfe8e86","filled":0,"side":"sell","userId":"00000000-0000-0000-0000-000000000008","timestamp":1783151683525},{"price":137750000,"quantity":650000,"orderId":"9792452d-e32c-4877-84e8-eaa665589c91","filled":0,"side":"sell","userId":"00000000-0000-0000-0000-000000000008","timestamp":1783151685031},{"price":137860000,"quantity":1930000,"orderId":"223e5f21-d8e1-4683-ab49-d1106cc39b2d","filled":0,"side":"sell","userId":"00000000-0000-0000-0000-000000000008","timestamp":1783151679836},{"price":137860000,"quantity":1880000,"orderId":"1c432198-1466-487d-907d-95feee531224","filled":0,"side":"sell","userId":"00000000-0000-0000-0000-000000000008","timestamp":1783151681472},{"price":137890000,"quantity":1890000,"orderId":"14bf0a92-0d0c-41df-bff2-ec96f644f828","filled":240000,"side":"sell","userId":"00000000-0000-0000-0000-000000000006","timestamp":1783151680532},{"price":137890000,"quantity":4610000,"orderId":"0b56ccca-3bf6-41d7-9c42-79c9b81b63cd","filled":0,"side":"sell","userId":"00000000-0000-0000-0000-000000000006","timestamp":1783151681421},{"price":137890000,"quantity":3140000,"orderId":"b5520248-2ada-48fa-965f-53f05ce39c6a","filled":0,"side":"sell","userId":"00000000-0000-0000-0000-000000000006","timestamp":1783151681855},{"price":137940000,"quantity":1410000,"orderId":"0e2d87fb-a79a-4313-be3f-836ee8a8c623","filled":0,"side":"sell","userId":"00000000-0000-0000-0000-000000000008","timestamp":1783151660737},{"price":137940000,"quantity":800000,"orderId":"54cab603-1400-458d-9199-52fcc4c59d14","filled":0,"side":"sell","userId":"00000000-0000-0000-0000-000000000008","timestamp":1783151660982},{"price":137960000,"quantity":2010000,"orderId":"3cf3a208-afc4-47a3-af51-e22fe50c01dd","filled":0,"side":"sell","userId":"00000000-0000-0000-0000-000000000008","timestamp":1783151675320},{"price":137990000,"quantity":3500000,"orderId":"8bf64b03-9d75-43a3-87bc-50dd94de5e1a","filled":0,"side":"sell","userId":"00000000-0000-0000-0000-000000000006","timestamp":1783151677309},{"price":138050000,"quantity":1690000,"orderId":"2f301644-d81a-44bd-b947-d75d578fb24b","filled":0,"side":"sell","userId":"00000000-0000-0000-0000-000000000008","timestamp":1783151651361},{"price":138050000,"quantity":980000,"orderId":"1eb20743-2e75-461a-86bc-91d15fafc114","filled":0,"side":"sell","userId":"00000000-0000-0000-0000-000000000008","timestamp":1783151653334},{"price":138140000,"quantity":1230000,"orderId":"e9f50ebc-f1a2-4808-b73b-d661f03727e3","filled":0,"side":"sell","userId":"00000000-0000-0000-0000-000000000008","timestamp":1783151649709},{"price":138160000,"quantity":1400000,"orderId":"28162ced-e1db-4a38-8f50-3c9e1156c5e1","filled":0,"side":"sell","userId":"00000000-0000-0000-0000-000000000008","timestamp":1783151650131},{"price":138230000,"quantity":690000,"orderId":"5af1fa73-9618-4c47-a02d-2db84eec7087","filled":0,"side":"sell","userId":"00000000-0000-0000-0000-000000000008","timestamp":1783151641524},{"price":138280000,"quantity":1100000,"orderId":"e5220fb9-511a-4d54-8a8c-f47b408bcc8d","filled":40000,"side":"sell","userId":"00000000-0000-0000-0000-000000000008","timestamp":1783151611399},{"price":138280000,"quantity":1550000,"orderId":"e37591eb-c1bd-47fe-bee3-16fba673c5ee","filled":0,"side":"sell","userId":"00000000-0000-0000-0000-000000000008","timestamp":1783151611678},{"price":138290000,"quantity":540000,"orderId":"3fc5c849-5f05-45cd-a82d-cdeb8a00455c","filled":0,"side":"sell","userId":"00000000-0000-0000-0000-000000000008","timestamp":1783151608351},{"price":138290000,"quantity":210000,"orderId":"bcf238b1-0530-4cac-b879-0008e6966b0f","filled":0,"side":"sell","userId":"00000000-0000-0000-0000-000000000008","timestamp":1783151609201},{"price":138340000,"quantity":740000,"orderId":"0ad435af-ba9c-4133-85a1-495a91b99871","filled":0,"side":"sell","userId":"00000000-0000-0000-0000-000000000008","timestamp":1783151606660},{"price":138340000,"quantity":1190000,"orderId":"40182ec5-ea25-49ad-b590-1a153341fddf","filled":0,"side":"sell","userId":"00000000-0000-0000-0000-000000000008","timestamp":1783151607121},{"price":138450000,"quantity":2100000,"orderId":"0c7bb775-d1e3-49a7-834d-b8289d7c57ea","filled":0,"side":"sell","userId":"00000000-0000-0000-0000-000000000008","timestamp":1783151603428},{"price":138450000,"quantity":510000,"orderId":"c413279a-85d3-45b8-acdb-1938446d659b","filled":0,"side":"sell","userId":"00000000-0000-0000-0000-000000000008","timestamp":1783151603991},{"price":138450000,"quantity":220000,"orderId":"8a127166-36a1-4148-8bc4-37ea62e2ac48","filled":0,"side":"sell","userId":"00000000-0000-0000-0000-000000000008","timestamp":1783151605771},{"price":138460000,"quantity":2060000,"orderId":"53b9081c-2df7-48cc-bdca-19d00a8f45da","filled":0,"side":"sell","userId":"00000000-0000-0000-0000-000000000008","timestamp":1783151594467},{"price":138470000,"quantity":950000,"orderId":"8b97f67d-c36c-47cf-8868-f543de833322","filled":0,"side":"sell","userId":"00000000-0000-0000-0000-000000000008","timestamp":1783151592327},{"price":138470000,"quantity":1270000,"orderId":"9282412f-916d-4f8b-8423-fe934d19042d","filled":0,"side":"sell","userId":"00000000-0000-0000-0000-000000000008","timestamp":1783151593135},{"price":138560000,"quantity":830000,"orderId":"501df49a-3f48-434c-9b70-20158cd4f6cc","filled":0,"side":"sell","userId":"00000000-0000-0000-0000-000000000008","timestamp":1783151590282},{"price":138650000,"quantity":1770000,"orderId":"e4c9a1bb-9175-4c37-8d7f-3e9cdbc923e8","filled":0,"side":"sell","userId":"00000000-0000-0000-0000-000000000008","timestamp":1783151585084},{"price":138650000,"quantity":940000,"orderId":"becedfee-e235-4e9d-abab-bce2ec3b4cea","filled":0,"side":"sell","userId":"00000000-0000-0000-0000-000000000008","timestamp":1783151586318},{"price":138650000,"quantity":1700000,"orderId":"16fd7b46-f870-4b26-a7c6-2b2ab9dcbb03","filled":0,"side":"sell","userId":"00000000-0000-0000-0000-000000000008","timestamp":1783151587578},{"price":138650000,"quantity":2110000,"orderId":"1300c06b-2583-4b5c-8bc7-849c55c2a7cd","filled":0,"side":"sell","userId":"00000000-0000-0000-0000-000000000008","timestamp":1783151587999},{"price":138670000,"quantity":420000,"orderId":"2fc6bf26-b4f5-4b4f-8c9c-119592227979","filled":0,"side":"sell","userId":"00000000-0000-0000-0000-000000000008","timestamp":1783151589158},{"price":138740000,"quantity":1550000,"orderId":"f2cbce15-6b06-4f56-a88f-544eb4434c28","filled":0,"side":"sell","userId":"00000000-0000-0000-0000-000000000008","timestamp":1783151582031},{"price":138740000,"quantity":280000,"orderId":"226fa93f-33db-45d6-b5f4-e54edfc861aa","filled":0,"side":"sell","userId":"00000000-0000-0000-0000-000000000008","timestamp":1783151583059},{"price":138770000,"quantity":2060000,"orderId":"51397b85-4388-4d7c-9611-0420b29cd1fb","filled":0,"side":"sell","userId":"00000000-0000-0000-0000-000000000008","timestamp":1783151581376},{"price":138870000,"quantity":1320000,"orderId":"9183558d-99bc-4da8-a3ac-f2bb1091da4f","filled":0,"side":"sell","userId":"00000000-0000-0000-0000-000000000008","timestamp":1783151554240},{"price":138870000,"quantity":1510000,"orderId":"101cd012-ac07-40a7-9011-9caa80764f95","filled":0,"side":"sell","userId":"00000000-0000-0000-0000-000000000008","timestamp":1783151554583},{"price":138870000,"quantity":1630000,"orderId":"3312b4e4-4d06-47a4-9579-93c23c2c0df0","filled":0,"side":"sell","userId":"00000000-0000-0000-0000-000000000008","timestamp":1783151565836},{"price":138870000,"quantity":1150000,"orderId":"6873f6a3-f94e-4698-b211-aaaad1b4c1cd","filled":0,"side":"sell","userId":"00000000-0000-0000-0000-000000000008","timestamp":1783151568114},{"price":138920000,"quantity":750000,"orderId":"d3f3be8a-c379-4a0c-bc28-7869c3299148","filled":0,"side":"sell","userId":"00000000-0000-0000-0000-000000000008","timestamp":1783151551350},{"price":138920000,"quantity":1450000,"orderId":"5ea75c57-358b-4918-867e-cee2f1c7971e","filled":0,"side":"sell","userId":"00000000-0000-0000-0000-000000000008","timestamp":1783151553124},{"price":138970000,"quantity":1010000,"orderId":"02336e19-c748-476a-a834-4a4aa32926af","filled":0,"side":"sell","userId":"00000000-0000-0000-0000-000000000008","timestamp":1783151549643},{"price":138990000,"quantity":1980000,"orderId":"9f0ed580-f9d6-4ade-b901-6ead2d01890b","filled":0,"side":"sell","userId":"00000000-0000-0000-0000-000000000008","timestamp":1783151545991},{"price":139020000,"quantity":1140000,"orderId":"d10e8971-2dec-4fa3-9bc5-6356c9cb8c26","filled":0,"side":"sell","userId":"00000000-0000-0000-0000-000000000008","timestamp":1783151539176},{"price":139030000,"quantity":1480000,"orderId":"76655022-dd65-4641-bae2-c08f4e02ce43","filled":0,"side":"sell","userId":"00000000-0000-0000-0000-000000000008","timestamp":1783151542290},{"price":139040000,"quantity":1660000,"orderId":"4980815a-c9f7-4216-8079-874096d16de5","filled":0,"side":"sell","userId":"00000000-0000-0000-0000-000000000008","timestamp":1783151539638},{"price":139040000,"quantity":200000,"orderId":"c22b6c96-37d5-4b81-91fc-785cd2bf2c80","filled":0,"side":"sell","userId":"00000000-0000-0000-0000-000000000008","timestamp":1783151540264},{"price":139060000,"quantity":880000,"orderId":"b353c39b-86b5-421c-ac0f-c3d9f42b9f80","filled":0,"side":"sell","userId":"00000000-0000-0000-0000-000000000008","timestamp":1783151537328},{"price":139200000,"quantity":780000,"orderId":"b39a88fb-70b1-4259-8238-dfca86524359","filled":0,"side":"sell","userId":"00000000-0000-0000-0000-000000000008","timestamp":1783151534064},{"price":139220000,"quantity":1560000,"orderId":"caae56b6-cc20-4798-841d-397af6277eb4","filled":0,"side":"sell","userId":"00000000-0000-0000-0000-000000000008","timestamp":1783151535027},{"price":139220000,"quantity":910000,"orderId":"3234eb03-28e1-441f-8cd4-c27f7a006d66","filled":0,"side":"sell","userId":"00000000-0000-0000-0000-000000000008","timestamp":1783151535504},{"price":139300000,"quantity":1490000,"orderId":"31e9fee5-c0d2-4e5f-a401-8d0cc6072c2e","filled":0,"side":"sell","userId":"00000000-0000-0000-0000-000000000008","timestamp":1783151515679},{"price":139300000,"quantity":550000,"orderId":"c3057046-8ded-4282-b4ed-4d9e225c50b6","filled":0,"side":"sell","userId":"00000000-0000-0000-0000-000000000008","timestamp":1783151516409},{"price":139310000,"quantity":1610000,"orderId":"d8ff1d5c-2f9d-464f-b20f-acd3eef8a05f","filled":0,"side":"sell","userId":"00000000-0000-0000-0000-000000000008","timestamp":1783151532420},{"price":139320000,"quantity":1020000,"orderId":"490b0dea-97f8-4610-acbf-e734d5ea958d","filled":0,"side":"sell","userId":"00000000-0000-0000-0000-000000000008","timestamp":1783151517425},{"price":139370000,"quantity":2100000,"orderId":"97bbfacc-68a3-428a-b9b1-4a626ac62e89","filled":0,"side":"sell","userId":"00000000-0000-0000-0000-000000000008","timestamp":1783151511461},{"price":139390000,"quantity":1980000,"orderId":"ea87dd5b-4856-4c52-be8d-913252c8dee1","filled":0,"side":"sell","userId":"00000000-0000-0000-0000-000000000008","timestamp":1783151514692},{"price":139460000,"quantity":1570000,"orderId":"ad303fd3-0776-4370-90c0-fb8afd27f4e2","filled":0,"side":"sell","userId":"00000000-0000-0000-0000-000000000008","timestamp":1783151497623},{"price":139480000,"quantity":1060000,"orderId":"6702c91d-9fef-48ec-b4f9-9c95f7c0bf6e","filled":0,"side":"sell","userId":"00000000-0000-0000-0000-000000000008","timestamp":1783151498563},{"price":139520000,"quantity":1290000,"orderId":"368b7a28-93b9-4e52-a5e2-a28371a1d7e3","filled":0,"side":"sell","userId":"00000000-0000-0000-0000-000000000008","timestamp":1783151482023},{"price":139520000,"quantity":1450000,"orderId":"8a3a6723-44d0-4cc4-80b4-daae56ede3af","filled":0,"side":"sell","userId":"00000000-0000-0000-0000-000000000008","timestamp":1783151482494},{"price":139520000,"quantity":1200000,"orderId":"547bb4e2-9ba4-436d-908d-a2aaf6556913","filled":0,"side":"sell","userId":"00000000-0000-0000-0000-000000000008","timestamp":1783151483231},{"price":139540000,"quantity":420000,"orderId":"62e48c06-70d2-40dc-bc71-4b68209016b7","filled":0,"side":"sell","userId":"00000000-0000-0000-0000-000000000008","timestamp":1783151483751},{"price":139540000,"quantity":1970000,"orderId":"229edc2a-dafc-41e7-9fee-15354de9032c","filled":0,"side":"sell","userId":"00000000-0000-0000-0000-000000000008","timestamp":1783151496050},{"price":139610000,"quantity":1730000,"orderId":"4eee69ad-fd93-46b2-949d-8e113c56a087","filled":0,"side":"sell","userId":"00000000-0000-0000-0000-000000000008","timestamp":1783151479335},{"price":139630000,"quantity":1310000,"orderId":"0fc2c44e-9a25-45c7-834d-04f18aae3044","filled":0,"side":"sell","userId":"00000000-0000-0000-0000-000000000008","timestamp":1783151481015},{"price":139720000,"quantity":1080000,"orderId":"f879c1f6-65e0-44a5-8a07-055db12d18c3","filled":0,"side":"sell","userId":"00000000-0000-0000-0000-000000000008","timestamp":1783151443898},{"price":139720000,"quantity":650000,"orderId":"6fed05b0-0e96-4607-8ccb-a4f9a5e57cc1","filled":0,"side":"sell","userId":"00000000-0000-0000-0000-000000000008","timestamp":1783151444611},{"price":139720000,"quantity":2170000,"orderId":"c6521ba6-86b8-4718-b0db-868203492abc","filled":0,"side":"sell","userId":"00000000-0000-0000-0000-000000000008","timestamp":1783151446148},{"price":139720000,"quantity":2180000,"orderId":"ae27aa9d-5e60-4355-b190-9b348d34df57","filled":0,"side":"sell","userId":"00000000-0000-0000-0000-000000000008","timestamp":1783151446909},{"price":139720000,"quantity":880000,"orderId":"28cc6f13-fec4-49aa-99eb-5aff1d2b1aab","filled":0,"side":"sell","userId":"00000000-0000-0000-0000-000000000008","timestamp":1783151448057},{"price":139740000,"quantity":1340000,"orderId":"45a02c76-e32d-445a-bf02-c69997702d0c","filled":0,"side":"sell","userId":"00000000-0000-0000-0000-000000000008","timestamp":1783151449240},{"price":139740000,"quantity":1350000,"orderId":"3ea23f81-2f23-4c7e-8c9b-c19d13e47a50","filled":0,"side":"sell","userId":"00000000-0000-0000-0000-000000000008","timestamp":1783151461924},{"price":139830000,"quantity":1210000,"orderId":"7d54b1e2-f1d0-4b84-84aa-624261229a45","filled":0,"side":"sell","userId":"00000000-0000-0000-0000-000000000008","timestamp":1783151428113},{"price":139830000,"quantity":1000000,"orderId":"d0d5f19e-5b35-41c1-ac15-d2fbc3e29ced","filled":0,"side":"sell","userId":"00000000-0000-0000-0000-000000000008","timestamp":1783151428364},{"price":139830000,"quantity":720000,"orderId":"23e06acb-afd0-4f31-8f24-cc739d14b0bc","filled":0,"side":"sell","userId":"00000000-0000-0000-0000-000000000008","timestamp":1783151428621},{"price":139850000,"quantity":350000,"orderId":"374503ee-ddc9-4395-b114-0709100a19e0","filled":0,"side":"sell","userId":"00000000-0000-0000-0000-000000000008","timestamp":1783151440533},{"price":139910000,"quantity":1260000,"orderId":"e5a85593-38c7-491a-ae95-7c8b20f7c7ae","filled":0,"side":"sell","userId":"00000000-0000-0000-0000-000000000008","timestamp":1783151415742},{"price":139910000,"quantity":1420000,"orderId":"47a4f44f-a397-4941-8759-7da30f55e06f","filled":0,"side":"sell","userId":"00000000-0000-0000-0000-000000000008","timestamp":1783151416374},{"price":139930000,"quantity":2020000,"orderId":"b425e071-5952-4ff4-a813-e48ec1d2a4be","filled":0,"side":"sell","userId":"00000000-0000-0000-0000-000000000008","timestamp":1783151427400},{"price":140000000,"quantity":2180000,"orderId":"43ccce33-6639-4065-98e3-7be44aa67306","filled":1350000,"side":"sell","userId":"00000000-0000-0000-0000-000000000008","timestamp":1783151410074},{"price":140000000,"quantity":1720000,"orderId":"b390c501-6feb-4d90-a927-569c9ce54f25","filled":0,"side":"sell","userId":"00000000-0000-0000-0000-000000000008","timestamp":1783151410337},{"price":140020000,"quantity":1930000,"orderId":"d4f25411-fd49-42e0-93a8-bd10fc944634","filled":0,"side":"sell","userId":"00000000-0000-0000-0000-000000000008","timestamp":1783151411837},{"price":140020000,"quantity":1630000,"orderId":"e44b35d9-4087-434e-ac18-f9bf88e263a9","filled":0,"side":"sell","userId":"00000000-0000-0000-0000-000000000008","timestamp":1783151412613},{"price":140070000,"quantity":1600000,"orderId":"f0218460-8d17-42d9-86f5-44ec1d4cd26a","filled":0,"side":"sell","userId":"00000000-0000-0000-0000-000000000008","timestamp":1783151408104},{"price":140090000,"quantity":1120000,"orderId":"fc6ab43e-683f-43c8-b8f8-8bfaaf8d1248","filled":0,"side":"sell","userId":"00000000-0000-0000-0000-000000000008","timestamp":1783151409302},{"price":140200000,"quantity":1790000,"orderId":"9b3f5ce1-4b91-45ce-b86b-3293ec7a7d39","filled":0,"side":"sell","userId":"00000000-0000-0000-0000-000000000008","timestamp":1783151388315},{"price":140200000,"quantity":1890000,"orderId":"a2f20599-1286-4aad-aa97-7844b957244a","filled":0,"side":"sell","userId":"00000000-0000-0000-0000-000000000008","timestamp":1783151389497},{"price":140200000,"quantity":1350000,"orderId":"7c9719cc-307e-495e-aaa1-2bed894cd728","filled":0,"side":"sell","userId":"00000000-0000-0000-0000-000000000008","timestamp":1783151390292},{"price":140240000,"quantity":760000,"orderId":"081a6cc3-1fd8-42dc-af57-69533afc2466","filled":0,"side":"sell","userId":"00000000-0000-0000-0000-000000000008","timestamp":1783151387049},{"price":140310000,"quantity":850000,"orderId":"f4fa6ebc-173a-4dcf-8054-d845d4e5052c","filled":0,"side":"sell","userId":"00000000-0000-0000-0000-000000000008","timestamp":1783151384755},{"price":140330000,"quantity":940000,"orderId":"33d2cf7b-017b-42de-9a51-281fd18636df","filled":0,"side":"sell","userId":"00000000-0000-0000-0000-000000000008","timestamp":1783151386356},{"price":140410000,"quantity":980000,"orderId":"bfa73422-886f-4f3c-bd4b-29c25897cdaa","filled":0,"side":"sell","userId":"00000000-0000-0000-0000-000000000008","timestamp":1783151352136},{"price":140410000,"quantity":980000,"orderId":"4d4120fe-7222-44fa-96a3-8251a18f6925","filled":0,"side":"sell","userId":"00000000-0000-0000-0000-000000000008","timestamp":1783151352453},{"price":140410000,"quantity":1590000,"orderId":"620bd589-8e32-4acc-8711-726bbb1e1893","filled":0,"side":"sell","userId":"00000000-0000-0000-0000-000000000008","timestamp":1783151353219},{"price":140410000,"quantity":610000,"orderId":"1ae1d897-98af-4954-8c95-5a8da1d594a2","filled":0,"side":"sell","userId":"00000000-0000-0000-0000-000000000008","timestamp":1783151366740},{"price":140420000,"quantity":2130000,"orderId":"e1730d28-92d1-40bd-a715-30ebfc10e543","filled":0,"side":"sell","userId":"00000000-0000-0000-0000-000000000008","timestamp":1783151349601},{"price":140420000,"quantity":1590000,"orderId":"81d96b86-ca70-4899-8560-bb3257663fba","filled":0,"side":"sell","userId":"00000000-0000-0000-0000-000000000008","timestamp":1783151350360},{"price":140430000,"quantity":250000,"orderId":"9a1b3072-c37d-406a-84d7-67fdb5dabc25","filled":0,"side":"sell","userId":"00000000-0000-0000-0000-000000000008","timestamp":1783151367925},{"price":140440000,"quantity":650000,"orderId":"58713fa8-d464-46e8-8941-da8915a33dc9","filled":0,"side":"sell","userId":"00000000-0000-0000-0000-000000000008","timestamp":1783151351884},{"price":140480000,"quantity":800000,"orderId":"96565533-9ecf-4c8c-a82b-4ff48f37d4b4","filled":0,"side":"sell","userId":"00000000-0000-0000-0000-000000000008","timestamp":1783151347631},{"price":140530000,"quantity":2100000,"orderId":"81e56ea1-67c9-4101-9cf9-95417f705277","filled":1340000,"side":"sell","userId":"00000000-0000-0000-0000-000000000008","timestamp":1783151341298},{"price":140530000,"quantity":660000,"orderId":"42f855fc-fead-4224-aa7e-6dfd18b39a7f","filled":0,"side":"sell","userId":"00000000-0000-0000-0000-000000000008","timestamp":1783151341633},{"price":140550000,"quantity":380000,"orderId":"6fdd84a4-74c8-47b8-b9b8-3d22eb70c4f3","filled":0,"side":"sell","userId":"00000000-0000-0000-0000-000000000008","timestamp":1783151342073},{"price":140580000,"quantity":1620000,"orderId":"6798287a-cea1-4387-9180-4c19ed9fa915","filled":0,"side":"sell","userId":"00000000-0000-0000-0000-000000000008","timestamp":1783151339164},{"price":140600000,"quantity":1730000,"orderId":"0ce3724a-d7d0-4c95-810d-af7fbacc3773","filled":0,"side":"sell","userId":"00000000-0000-0000-0000-000000000008","timestamp":1783151340892},{"price":140620000,"quantity":1540000,"orderId":"90058452-87b4-4d8a-8b9c-fbdd96cd066e","filled":0,"side":"sell","userId":"00000000-0000-0000-0000-000000000008","timestamp":1783151335788},{"price":140620000,"quantity":740000,"orderId":"cb8479bd-264e-4da5-b70d-f77867f8b326","filled":0,"side":"sell","userId":"00000000-0000-0000-0000-000000000008","timestamp":1783151336159},{"price":140680000,"quantity":1140000,"orderId":"4bbf96bc-9737-4568-95c3-dc8d73f5dfdf","filled":0,"side":"sell","userId":"00000000-0000-0000-0000-000000000008","timestamp":1783151333612},{"price":140700000,"quantity":720000,"orderId":"65262281-b8a6-4226-88db-669607cd79d5","filled":0,"side":"sell","userId":"00000000-0000-0000-0000-000000000008","timestamp":1783151335460},{"price":140720000,"quantity":1660000,"orderId":"b189aec4-003b-4ef8-b0ac-6cfd4df422d6","filled":0,"side":"sell","userId":"00000000-0000-0000-0000-000000000008","timestamp":1783151320372},{"price":140750000,"quantity":1820000,"orderId":"dc17792b-5e4e-4f6f-97a8-0bd681d75cb5","filled":0,"side":"sell","userId":"00000000-0000-0000-0000-000000000008","timestamp":1783151318690},{"price":140750000,"quantity":510000,"orderId":"9092bab0-32af-487f-848c-123dc0281568","filled":0,"side":"sell","userId":"00000000-0000-0000-0000-000000000008","timestamp":1783151319516},{"price":140790000,"quantity":1880000,"orderId":"653eb66b-d9d6-423e-bd6a-67eb0f182eac","filled":0,"side":"sell","userId":"00000000-0000-0000-0000-000000000008","timestamp":1783151303242},{"price":140790000,"quantity":1770000,"orderId":"f7b7714c-35c3-486a-abb0-79eb43e37cd7","filled":0,"side":"sell","userId":"00000000-0000-0000-0000-000000000008","timestamp":1783151304388},{"price":140790000,"quantity":1020000,"orderId":"51b45dd0-b62e-4fc8-a92f-1ac7f8405cde","filled":0,"side":"sell","userId":"00000000-0000-0000-0000-000000000008","timestamp":1783151304648},{"price":140810000,"quantity":1530000,"orderId":"9c340ae5-3323-4f18-947b-32b66a593d96","filled":0,"side":"sell","userId":"00000000-0000-0000-0000-000000000008","timestamp":1783151315656},{"price":140830000,"quantity":1700000,"orderId":"dd5625b7-165d-44b1-b126-69bfdc13e36c","filled":0,"side":"sell","userId":"00000000-0000-0000-0000-000000000008","timestamp":1783151278226},{"price":140850000,"quantity":2140000,"orderId":"e18194e8-f42f-4155-b71a-7fdf13ae31cb","filled":0,"side":"sell","userId":"00000000-0000-0000-0000-000000000008","timestamp":1783151292390},{"price":140850000,"quantity":1040000,"orderId":"baee75d8-905b-49e9-81fa-22e37915c0b8","filled":0,"side":"sell","userId":"00000000-0000-0000-0000-000000000008","timestamp":1783151302869},{"price":140940000,"quantity":2090000,"orderId":"9142f2a4-5515-44a3-811b-ac861bb11e0e","filled":0,"side":"sell","userId":"00000000-0000-0000-0000-000000000008","timestamp":1783151277869},{"price":140950000,"quantity":1530000,"orderId":"13f33346-8c6f-41df-bcdb-7b60c1756c40","filled":0,"side":"sell","userId":"00000000-0000-0000-0000-000000000008","timestamp":1783151272138},{"price":140950000,"quantity":840000,"orderId":"f974301c-11b7-42fa-b764-9385621d4c96","filled":0,"side":"sell","userId":"00000000-0000-0000-0000-000000000008","timestamp":1783151273047},{"price":141170000,"quantity":1770000,"orderId":"519f166b-533d-422a-a4c5-95726a127ffd","filled":0,"side":"sell","userId":"00000000-0000-0000-0000-000000000008","timestamp":1783151238058},{"price":141170000,"quantity":920000,"orderId":"67150bfa-ba9d-41d7-8bcc-330d3477394e","filled":0,"side":"sell","userId":"00000000-0000-0000-0000-000000000008","timestamp":1783151238865},{"price":141170000,"quantity":690000,"orderId":"e455c0f9-c711-49ed-96e0-60654c5342aa","filled":0,"side":"sell","userId":"00000000-0000-0000-0000-000000000008","timestamp":1783151240859},{"price":141170000,"quantity":630000,"orderId":"3c85e930-75bc-45b3-97a8-3e0a2630358d","filled":0,"side":"sell","userId":"00000000-0000-0000-0000-000000000008","timestamp":1783151251797},{"price":141280000,"quantity":730000,"orderId":"7889c3b8-dd0f-46f4-8fe8-8d3ff7c67c78","filled":0,"side":"sell","userId":"00000000-0000-0000-0000-000000000008","timestamp":1783151234388},{"price":141280000,"quantity":1910000,"orderId":"7c185665-03dd-427b-b919-478a68d74aed","filled":0,"side":"sell","userId":"00000000-0000-0000-0000-000000000008","timestamp":1783151234752},{"price":141300000,"quantity":2020000,"orderId":"adf2c597-1114-4a5a-b093-96b48c4cad80","filled":0,"side":"sell","userId":"00000000-0000-0000-0000-000000000008","timestamp":1783151237544},{"price":141390000,"quantity":1110000,"orderId":"ba58294a-3779-4557-936d-ecd5db2e7cca","filled":0,"side":"sell","userId":"00000000-0000-0000-0000-000000000008","timestamp":1783151221115},{"price":141470000,"quantity":660000,"orderId":"e29b8d7a-e6ba-49fa-97c0-0b837fb376f2","filled":0,"side":"sell","userId":"00000000-0000-0000-0000-000000000008","timestamp":1783151214378},{"price":141490000,"quantity":320000,"orderId":"851bb539-952e-484e-88f4-803c51d80279","filled":0,"side":"sell","userId":"00000000-0000-0000-0000-000000000008","timestamp":1783151200543},{"price":141490000,"quantity":380000,"orderId":"9a03ab36-02ad-4235-a1c0-3a3d04c11033","filled":0,"side":"sell","userId":"00000000-0000-0000-0000-000000000008","timestamp":1783151211364},{"price":141510000,"quantity":510000,"orderId":"2d042eed-b3b0-41e2-bf8e-fba8298c68ed","filled":0,"side":"sell","userId":"00000000-0000-0000-0000-000000000008","timestamp":1783151197810},{"price":141590000,"quantity":1900000,"orderId":"46220898-1753-4b55-83df-3ac2a43a1dec","filled":0,"side":"sell","userId":"00000000-0000-0000-0000-000000000008","timestamp":1783151193521},{"price":141610000,"quantity":1720000,"orderId":"112c6007-af11-4b02-9935-d6aa0a0b0cb5","filled":0,"side":"sell","userId":"00000000-0000-0000-0000-000000000008","timestamp":1783151196271},{"price":141710000,"quantity":1880000,"orderId":"98237a28-0926-4e1c-adf6-429cdd0d6a78","filled":0,"side":"sell","userId":"00000000-0000-0000-0000-000000000008","timestamp":1783151158221},{"price":141710000,"quantity":1200000,"orderId":"5ae7ae59-643b-4b1c-912d-bd02a0b8ca25","filled":0,"side":"sell","userId":"00000000-0000-0000-0000-000000000008","timestamp":1783151158880},{"price":141710000,"quantity":660000,"orderId":"59097649-87f2-44b6-b2de-10d74e075518","filled":0,"side":"sell","userId":"00000000-0000-0000-0000-000000000008","timestamp":1783151159973},{"price":141710000,"quantity":700000,"orderId":"1afbe2e0-4143-43d6-b353-930014328320","filled":0,"side":"sell","userId":"00000000-0000-0000-0000-000000000008","timestamp":1783151160509},{"price":141710000,"quantity":1090000,"orderId":"4e69d036-8e07-457a-b88c-6250e8cc9412","filled":0,"side":"sell","userId":"00000000-0000-0000-0000-000000000008","timestamp":1783151161177},{"price":141710000,"quantity":1850000,"orderId":"4b779434-38f9-46f6-8612-e5e03ff5b12b","filled":0,"side":"sell","userId":"00000000-0000-0000-0000-000000000008","timestamp":1783151161695},{"price":141710000,"quantity":1640000,"orderId":"965f73a2-3880-430b-8802-02d7d85e3e32","filled":0,"side":"sell","userId":"00000000-0000-0000-0000-000000000008","timestamp":1783151163034},{"price":141710000,"quantity":640000,"orderId":"6f1a3840-d72d-434a-8f8c-bc68dd9b9e01","filled":0,"side":"sell","userId":"00000000-0000-0000-0000-000000000008","timestamp":1783151174505},{"price":141710000,"quantity":1670000,"orderId":"4fedad04-93bd-4484-996d-1c26d8d6d426","filled":0,"side":"sell","userId":"00000000-0000-0000-0000-000000000008","timestamp":1783151185390},{"price":141710000,"quantity":1970000,"orderId":"bcf0e2a9-2ae9-4182-96b8-9d591a88a1e1","filled":0,"side":"sell","userId":"00000000-0000-0000-0000-000000000008","timestamp":1783151189740},{"price":141710000,"quantity":530000,"orderId":"19acb4b5-fb61-4624-a7be-2cff7f699648","filled":0,"side":"sell","userId":"00000000-0000-0000-0000-000000000008","timestamp":1783151191217},{"price":141720000,"quantity":790000,"orderId":"8284cfef-145b-480b-89ee-16fadc0cd7a8","filled":0,"side":"sell","userId":"00000000-0000-0000-0000-000000000008","timestamp":1783151157172},{"price":141730000,"quantity":1270000,"orderId":"f0bfa09d-bfee-4b88-9ddd-10b263a7da84","filled":0,"side":"sell","userId":"00000000-0000-0000-0000-000000000008","timestamp":1783151174193},{"price":141730000,"quantity":940000,"orderId":"a4b23c42-1ee5-432c-b210-e90e24b4ab75","filled":0,"side":"sell","userId":"00000000-0000-0000-0000-000000000008","timestamp":1783151191871},{"price":141780000,"quantity":2170000,"orderId":"c6c94613-6b9c-4751-8df0-674cf77ad78e","filled":0,"side":"sell","userId":"00000000-0000-0000-0000-000000000008","timestamp":1783151143145},{"price":141780000,"quantity":1510000,"orderId":"36fe63a0-75ee-4461-a0ef-77d79bb2cdbd","filled":0,"side":"sell","userId":"00000000-0000-0000-0000-000000000008","timestamp":1783151155643},{"price":141890000,"quantity":1270000,"orderId":"816eb65c-f8d4-4b0b-9564-40762dbe03af","filled":0,"side":"sell","userId":"00000000-0000-0000-0000-000000000008","timestamp":1783151139280},{"price":141940000,"quantity":410000,"orderId":"a969a4c4-91c5-441c-80f9-65b0299e04af","filled":200000,"side":"sell","userId":"00000000-0000-0000-0000-000000000008","timestamp":1783151132938},{"price":141960000,"quantity":1080000,"orderId":"2abb395a-2ffc-469a-9628-0a952ea7277b","filled":0,"side":"sell","userId":"00000000-0000-0000-0000-000000000008","timestamp":1783151134528},{"price":141960000,"quantity":1580000,"orderId":"79d824e9-d7e4-41a4-ba4d-b8f834693f72","filled":0,"side":"sell","userId":"00000000-0000-0000-0000-000000000008","timestamp":1783151137379},{"price":141960000,"quantity":900000,"orderId":"e682d091-fc33-4182-988e-9fdca857c189","filled":0,"side":"sell","userId":"00000000-0000-0000-0000-000000000008","timestamp":1783151138504},{"price":141980000,"quantity":1690000,"orderId":"62adc639-dafe-4cfa-853a-015945ee4484","filled":0,"side":"sell","userId":"00000000-0000-0000-0000-000000000008","timestamp":1783151131157},{"price":142000000,"quantity":370000,"orderId":"7bf45dd9-eac2-4871-9c79-642c8b72d798","filled":0,"side":"sell","userId":"00000000-0000-0000-0000-000000000008","timestamp":1783151131882},{"price":142070000,"quantity":1840000,"orderId":"9d8e6920-a1d4-43e1-8a5c-4714d4dfc6bf","filled":0,"side":"sell","userId":"00000000-0000-0000-0000-000000000008","timestamp":1783151110423},{"price":142070000,"quantity":1230000,"orderId":"68666dab-70ae-4d26-b421-44f04b4747e4","filled":0,"side":"sell","userId":"00000000-0000-0000-0000-000000000008","timestamp":1783151112250},{"price":142070000,"quantity":1150000,"orderId":"59f7996d-675a-4623-9898-ac06edbcf2c9","filled":0,"side":"sell","userId":"00000000-0000-0000-0000-000000000008","timestamp":1783151114262},{"price":142190000,"quantity":1930000,"orderId":"7cbbe75b-07da-488c-a54f-ab3957c952c8","filled":0,"side":"sell","userId":"00000000-0000-0000-0000-000000000008","timestamp":1783151101007},{"price":142190000,"quantity":1310000,"orderId":"f48637a7-ac5e-4706-832a-0376b023b7fc","filled":0,"side":"sell","userId":"00000000-0000-0000-0000-000000000008","timestamp":1783151101815},{"price":142190000,"quantity":410000,"orderId":"ddc294c4-4a23-4394-8733-1b0f0ae94be9","filled":0,"side":"sell","userId":"00000000-0000-0000-0000-000000000008","timestamp":1783151102209},{"price":142210000,"quantity":1200000,"orderId":"acef5de2-ae8c-4da1-923f-5b2e1baf46d9","filled":0,"side":"sell","userId":"00000000-0000-0000-0000-000000000008","timestamp":1783151108976},{"price":142230000,"quantity":2040000,"orderId":"d3bcbaf7-6a86-467d-9456-482d7d43591b","filled":0,"side":"sell","userId":"00000000-0000-0000-0000-000000000008","timestamp":1783151097930},{"price":142250000,"quantity":430000,"orderId":"32528642-f323-450f-b6df-d3d9200d3b7b","filled":0,"side":"sell","userId":"00000000-0000-0000-0000-000000000008","timestamp":1783151098950},{"price":142340000,"quantity":1190000,"orderId":"ee64ffe3-6990-46da-adbe-ed213ac2a69c","filled":0,"side":"sell","userId":"00000000-0000-0000-0000-000000000008","timestamp":1783151089597},{"price":142340000,"quantity":660000,"orderId":"83112afb-caa2-4bac-a04c-78104e1884b8","filled":0,"side":"sell","userId":"00000000-0000-0000-0000-000000000008","timestamp":1783151090629},{"price":142340000,"quantity":540000,"orderId":"ea8240db-482a-462e-9baa-ef58d1ef4c2d","filled":0,"side":"sell","userId":"00000000-0000-0000-0000-000000000008","timestamp":1783151092501},{"price":142340000,"quantity":1070000,"orderId":"2f063bda-36f4-4539-b2ee-bce4c7c759e1","filled":0,"side":"sell","userId":"00000000-0000-0000-0000-000000000008","timestamp":1783151094400},{"price":142390000,"quantity":430000,"orderId":"11fcd6b8-18df-4093-ad69-cf6ecbb22c37","filled":0,"side":"sell","userId":"00000000-0000-0000-0000-000000000008","timestamp":1783151084615},{"price":142480000,"quantity":880000,"orderId":"908f360e-dee1-4d36-b810-2bc8c6fbe934","filled":90000,"side":"sell","userId":"00000000-0000-0000-0000-000000000008","timestamp":1783151077489},{"price":142550000,"quantity":1980000,"orderId":"3eff173b-c4c1-4a17-aa8e-bb0eb118c757","filled":0,"side":"sell","userId":"00000000-0000-0000-0000-000000000008","timestamp":1783151051522},{"price":142690000,"quantity":1000000,"orderId":"ee2146df-3059-480f-8d43-8e65275c31a6","filled":0,"side":"sell","userId":"00000000-0000-0000-0000-000000000008","timestamp":1783151038314},{"price":142690000,"quantity":390000,"orderId":"cba3fc7c-0f48-4b8e-b852-1c14b62bffe7","filled":0,"side":"sell","userId":"00000000-0000-0000-0000-000000000008","timestamp":1783151043680},{"price":142690000,"quantity":1060000,"orderId":"f8bfd374-8417-4505-91d0-e5d9455d84ca","filled":0,"side":"sell","userId":"00000000-0000-0000-0000-000000000008","timestamp":1783151045206},{"price":142790000,"quantity":1690000,"orderId":"f7cc30df-306f-44ce-a952-45759800668b","filled":0,"side":"sell","userId":"00000000-0000-0000-0000-000000000008","timestamp":1783151032992},{"price":142790000,"quantity":1290000,"orderId":"ba3a5f2f-86e8-4794-8a38-f9325844175c","filled":0,"side":"sell","userId":"00000000-0000-0000-0000-000000000008","timestamp":1783151034808},{"price":142880000,"quantity":1970000,"orderId":"3fdb4053-9e30-42d3-a7c7-cdf7f74cc5c0","filled":0,"side":"sell","userId":"00000000-0000-0000-0000-000000000008","timestamp":1783151014475},{"price":142880000,"quantity":680000,"orderId":"3e6d901f-6940-4dbe-adfc-632767244cd9","filled":0,"side":"sell","userId":"00000000-0000-0000-0000-000000000008","timestamp":1783151015153},{"price":142880000,"quantity":1580000,"orderId":"5c6ef563-fcd8-4d26-b48c-f80073e2516b","filled":0,"side":"sell","userId":"00000000-0000-0000-0000-000000000008","timestamp":1783151015741},{"price":142900000,"quantity":1440000,"orderId":"aeb78540-5c04-4669-936d-67be5a968525","filled":0,"side":"sell","userId":"00000000-0000-0000-0000-000000000008","timestamp":1783151031783},{"price":142930000,"quantity":610000,"orderId":"010b32f4-dc2b-4024-98ea-8297e0677162","filled":0,"side":"sell","userId":"00000000-0000-0000-0000-000000000008","timestamp":1783150999044},{"price":142970000,"quantity":1960000,"orderId":"c32996ae-e49b-4347-a233-b2247e04d9e2","filled":0,"side":"sell","userId":"00000000-0000-0000-0000-000000000008","timestamp":1783150986256},{"price":142970000,"quantity":680000,"orderId":"5fe3d576-e7fb-49eb-84da-cb6b9e6dd391","filled":0,"side":"sell","userId":"00000000-0000-0000-0000-000000000008","timestamp":1783150986905},{"price":143020000,"quantity":300000,"orderId":"6aba697b-a8c1-4be2-b7cd-356a71db5c90","filled":0,"side":"sell","userId":"00000000-0000-0000-0000-000000000008","timestamp":1783150984606},{"price":143130000,"quantity":1650000,"orderId":"9a3efe07-1019-4f61-9602-3b10a3c3271c","filled":0,"side":"sell","userId":"00000000-0000-0000-0000-000000000008","timestamp":1783150968740},{"price":143130000,"quantity":1190000,"orderId":"7af92dc9-2565-4f82-a467-1902648c1d51","filled":0,"side":"sell","userId":"00000000-0000-0000-0000-000000000008","timestamp":1783150970254},{"price":143130000,"quantity":1680000,"orderId":"7eb09649-26ef-438b-ab48-117741a6d48e","filled":0,"side":"sell","userId":"00000000-0000-0000-0000-000000000008","timestamp":1783150971338},{"price":143150000,"quantity":530000,"orderId":"a9efb04d-e104-4617-981f-38cf06c80178","filled":0,"side":"sell","userId":"00000000-0000-0000-0000-000000000008","timestamp":1783150983444},{"price":143180000,"quantity":1950000,"orderId":"42cb9a47-d824-4834-9d00-52b2cbe3eb57","filled":0,"side":"sell","userId":"00000000-0000-0000-0000-000000000008","timestamp":1783150964481},{"price":143200000,"quantity":880000,"orderId":"29572d9f-5995-4363-96dc-47d174407e64","filled":0,"side":"sell","userId":"00000000-0000-0000-0000-000000000008","timestamp":1783150966806},{"price":143270000,"quantity":960000,"orderId":"11481491-9ec1-40a3-ac7e-c5c35397d6d9","filled":0,"side":"sell","userId":"00000000-0000-0000-0000-000000000008","timestamp":1783150957093},{"price":143270000,"quantity":2030000,"orderId":"4a058750-c7a7-4b09-96af-bc770e15036e","filled":0,"side":"sell","userId":"00000000-0000-0000-0000-000000000008","timestamp":1783150957563},{"price":143270000,"quantity":1240000,"orderId":"c89bec9e-1733-4975-a13e-84277bc0d17c","filled":0,"side":"sell","userId":"00000000-0000-0000-0000-000000000008","timestamp":1783150959716},{"price":143290000,"quantity":250000,"orderId":"0930b6c9-1656-45de-88b1-e402f1abe456","filled":0,"side":"sell","userId":"00000000-0000-0000-0000-000000000008","timestamp":1783150960821},{"price":143320000,"quantity":1590000,"orderId":"bf42e2e4-dd8f-4adc-a4b7-cbca5dae58c6","filled":220000,"side":"sell","userId":"00000000-0000-0000-0000-000000000008","timestamp":1783150955911},{"price":143380000,"quantity":1480000,"orderId":"3ecfe178-df24-4d4f-82e0-e774be70fc40","filled":0,"side":"sell","userId":"00000000-0000-0000-0000-000000000008","timestamp":1783150951475},{"price":143380000,"quantity":1550000,"orderId":"15807828-e162-4fd4-b08e-e7fbecd48066","filled":0,"side":"sell","userId":"00000000-0000-0000-0000-000000000008","timestamp":1783150954227},{"price":143400000,"quantity":1440000,"orderId":"ea132278-58cf-48ae-ab00-ab87b1a61335","filled":0,"side":"sell","userId":"00000000-0000-0000-0000-000000000008","timestamp":1783150935848},{"price":143400000,"quantity":420000,"orderId":"4ea17d6b-8c11-48e4-8efc-1a8946210a4e","filled":0,"side":"sell","userId":"00000000-0000-0000-0000-000000000008","timestamp":1783150936160},{"price":143400000,"quantity":1800000,"orderId":"4311ddad-911c-4b00-9aed-e774ea09ce49","filled":0,"side":"sell","userId":"00000000-0000-0000-0000-000000000008","timestamp":1783150936741},{"price":143470000,"quantity":210000,"orderId":"042d584f-c237-46f1-9251-a141ed9b8468","filled":0,"side":"sell","userId":"00000000-0000-0000-0000-000000000008","timestamp":1783150917479},{"price":143490000,"quantity":1290000,"orderId":"b438f280-fe34-4c90-b0c9-fd84a1170cd4","filled":0,"side":"sell","userId":"00000000-0000-0000-0000-000000000008","timestamp":1783150918939},{"price":143490000,"quantity":1710000,"orderId":"31116e9f-bf81-4000-b825-2985dcc330ff","filled":0,"side":"sell","userId":"00000000-0000-0000-0000-000000000008","timestamp":1783150922012},{"price":143570000,"quantity":710000,"orderId":"b2ad4c14-e923-4bc5-afe4-362783b6e3db","filled":0,"side":"sell","userId":"00000000-0000-0000-0000-000000000008","timestamp":1783150912595},{"price":143600000,"quantity":1670000,"orderId":"d482d347-9993-4884-ac78-71ef204a096b","filled":0,"side":"sell","userId":"00000000-0000-0000-0000-000000000008","timestamp":1783150906421},{"price":143600000,"quantity":1280000,"orderId":"a784b571-14bb-403b-a482-f2737c5459cf","filled":0,"side":"sell","userId":"00000000-0000-0000-0000-000000000008","timestamp":1783150907506},{"price":143620000,"quantity":760000,"orderId":"48c2fedf-7a6d-4aa0-af1d-1cc2eadb0dac","filled":0,"side":"sell","userId":"00000000-0000-0000-0000-000000000008","timestamp":1783150908894},{"price":143680000,"quantity":640000,"orderId":"1b584b60-fbef-4d18-8050-e6cb9679779b","filled":0,"side":"sell","userId":"00000000-0000-0000-0000-000000000008","timestamp":1783150887893},{"price":143680000,"quantity":610000,"orderId":"c23dcf9e-a4fd-49ee-8c35-9ab66e8ee778","filled":0,"side":"sell","userId":"00000000-0000-0000-0000-000000000008","timestamp":1783150890673},{"price":143730000,"quantity":280000,"orderId":"df89265a-ecbe-4632-aeb0-9a7049240ad9","filled":0,"side":"sell","userId":"00000000-0000-0000-0000-000000000008","timestamp":1783150874725},{"price":143770000,"quantity":1900000,"orderId":"c6fef5bb-a9d0-49f8-b6f1-b116504372d7","filled":0,"side":"sell","userId":"00000000-0000-0000-0000-000000000008","timestamp":1783150859372},{"price":143810000,"quantity":770000,"orderId":"18fbf4f4-7ddf-4a4d-bb6d-dd10ef7e2f89","filled":0,"side":"sell","userId":"00000000-0000-0000-0000-000000000008","timestamp":1783150856524},{"price":143830000,"quantity":780000,"orderId":"82eeb3b8-2fc8-499e-ae52-ce450271153f","filled":0,"side":"sell","userId":"00000000-0000-0000-0000-000000000008","timestamp":1783150854294},{"price":143830000,"quantity":2150000,"orderId":"c6c039df-5235-4ac2-8877-08725b4ce8a5","filled":0,"side":"sell","userId":"00000000-0000-0000-0000-000000000008","timestamp":1783150858107},{"price":143830000,"quantity":1240000,"orderId":"f1de8294-5912-4d14-b1a9-62ab154c9ff0","filled":0,"side":"sell","userId":"00000000-0000-0000-0000-000000000008","timestamp":1783150858966},{"price":143850000,"quantity":1380000,"orderId":"a5a90a70-93dd-4463-a74e-2736dcaca734","filled":0,"side":"sell","userId":"00000000-0000-0000-0000-000000000008","timestamp":1783150855483},{"price":143900000,"quantity":1890000,"orderId":"aeb6d523-6f37-4fc6-93ba-6cf518c250ef","filled":0,"side":"sell","userId":"00000000-0000-0000-0000-000000000008","timestamp":1783150851840},{"price":143920000,"quantity":570000,"orderId":"3892ee66-e190-4005-866f-a180c7d08f01","filled":0,"side":"sell","userId":"00000000-0000-0000-0000-000000000008","timestamp":1783150852949},{"price":144010000,"quantity":1430000,"orderId":"0ceeff32-1a00-4053-a10c-a59c11a3e7c5","filled":0,"side":"sell","userId":"00000000-0000-0000-0000-000000000008","timestamp":1783150835185},{"price":144030000,"quantity":1590000,"orderId":"5ac00d06-6589-41ff-924e-6b5a984f544e","filled":0,"side":"sell","userId":"00000000-0000-0000-0000-000000000008","timestamp":1783150838237},{"price":144120000,"quantity":1100000,"orderId":"87bb52b5-d81a-457f-9cd9-68557e1fb704","filled":0,"side":"sell","userId":"00000000-0000-0000-0000-000000000008","timestamp":1783150813504},{"price":144140000,"quantity":230000,"orderId":"62f00f4d-86a7-4634-a7a5-b01d1bf170a5","filled":0,"side":"sell","userId":"00000000-0000-0000-0000-000000000008","timestamp":1783150830553},{"price":144200000,"quantity":1310000,"orderId":"6844a179-9fb6-4744-ae60-cee28b04cb22","filled":0,"side":"sell","userId":"00000000-0000-0000-0000-000000000008","timestamp":1783150811681},{"price":144240000,"quantity":1870000,"orderId":"935fc54d-fbca-4b94-8c11-8c897ff25d26","filled":0,"side":"sell","userId":"00000000-0000-0000-0000-000000000008","timestamp":1783150794611},{"price":144240000,"quantity":1450000,"orderId":"41c6574b-17b0-498f-95cb-fe7ac6ca9731","filled":0,"side":"sell","userId":"00000000-0000-0000-0000-000000000008","timestamp":1783150795541},{"price":144240000,"quantity":1410000,"orderId":"6102dc54-3545-4e5e-8240-4d886fa8e566","filled":0,"side":"sell","userId":"00000000-0000-0000-0000-000000000008","timestamp":1783150807255},{"price":144240000,"quantity":1360000,"orderId":"f8661699-2792-4883-b022-f066d534ef7d","filled":0,"side":"sell","userId":"00000000-0000-0000-0000-000000000008","timestamp":1783150807679},{"price":144260000,"quantity":920000,"orderId":"41a502b2-366e-462d-94a2-aafc242ecfb6","filled":0,"side":"sell","userId":"00000000-0000-0000-0000-000000000008","timestamp":1783150809700},{"price":144310000,"quantity":210000,"orderId":"bf80a5cd-56f6-4b29-a457-2466fe8aeb3f","filled":0,"side":"sell","userId":"00000000-0000-0000-0000-000000000008","timestamp":1783150794360},{"price":144380000,"quantity":1350000,"orderId":"6e5fe6bf-6e64-407c-b473-bcebf455e808","filled":0,"side":"sell","userId":"00000000-0000-0000-0000-000000000008","timestamp":1783150768647},{"price":144400000,"quantity":1360000,"orderId":"87d91b9b-ed54-486e-ba47-1327a0d1f059","filled":0,"side":"sell","userId":"00000000-0000-0000-0000-000000000008","timestamp":1783150793237},{"price":144450000,"quantity":1090000,"orderId":"f9b7d79d-a5ac-4218-83e4-7f6534ee17ee","filled":0,"side":"sell","userId":"00000000-0000-0000-0000-000000000008","timestamp":1783150756028},{"price":144490000,"quantity":1580000,"orderId":"9198988a-4fc2-48fa-b1a9-3b380b9412c0","filled":0,"side":"sell","userId":"00000000-0000-0000-0000-000000000008","timestamp":1783150728047},{"price":144490000,"quantity":2060000,"orderId":"68674c21-a5d4-4d22-abbb-eef5f5adb138","filled":0,"side":"sell","userId":"00000000-0000-0000-0000-000000000008","timestamp":1783150728818},{"price":144490000,"quantity":370000,"orderId":"d5dc80a2-7173-417c-a3e7-13229b0fcf6d","filled":0,"side":"sell","userId":"00000000-0000-0000-0000-000000000008","timestamp":1783150744611},{"price":144510000,"quantity":1280000,"orderId":"17a9da4d-8453-4b33-8f08-91945e7bd44f","filled":0,"side":"sell","userId":"00000000-0000-0000-0000-000000000008","timestamp":1783150716657},{"price":144640000,"quantity":690000,"orderId":"9e2a7ff1-1c0f-48b1-8785-d14fe14a5e38","filled":0,"side":"sell","userId":"00000000-0000-0000-0000-000000000008","timestamp":1783150712627},{"price":144680000,"quantity":1630000,"orderId":"6305e0eb-0d48-470d-8ee8-5d80313e6528","filled":0,"side":"sell","userId":"00000000-0000-0000-0000-000000000008","timestamp":1783150694457},{"price":144680000,"quantity":240000,"orderId":"e227dcb3-2563-4e2d-a193-c0c08e275265","filled":0,"side":"sell","userId":"00000000-0000-0000-0000-000000000008","timestamp":1783150696815},{"price":144720000,"quantity":2150000,"orderId":"354141e0-0782-40d7-b1bf-989309234b52","filled":0,"side":"sell","userId":"00000000-0000-0000-0000-000000000008","timestamp":1783150689806},{"price":144720000,"quantity":520000,"orderId":"6fdb16fe-37e6-4d84-8f3c-89a3ba9fcb58","filled":0,"side":"sell","userId":"00000000-0000-0000-0000-000000000008","timestamp":1783150691011},{"price":144760000,"quantity":700000,"orderId":"cf6d5156-b55c-46b2-aa38-31fe2e4a1c41","filled":0,"side":"sell","userId":"00000000-0000-0000-0000-000000000008","timestamp":1783150684781},{"price":144810000,"quantity":1320000,"orderId":"48784657-bcf0-4985-b820-18e4ed2f7f90","filled":0,"side":"sell","userId":"00000000-0000-0000-0000-000000000008","timestamp":1783150667309},{"price":144810000,"quantity":1580000,"orderId":"1bf1d8c9-13c3-47a2-a1bd-100327d342a8","filled":0,"side":"sell","userId":"00000000-0000-0000-0000-000000000008","timestamp":1783150667999},{"price":144810000,"quantity":580000,"orderId":"26218df7-4867-4be5-a813-54fe8cd88833","filled":0,"side":"sell","userId":"00000000-0000-0000-0000-000000000008","timestamp":1783150669619},{"price":144830000,"quantity":2130000,"orderId":"55453658-d687-4c40-8f3d-8f56c086a3c3","filled":0,"side":"sell","userId":"00000000-0000-0000-0000-000000000008","timestamp":1783150683013},{"price":144890000,"quantity":920000,"orderId":"96008dd6-82d6-4099-bae6-99356d2905b8","filled":0,"side":"sell","userId":"00000000-0000-0000-0000-000000000008","timestamp":1783150659870},{"price":144890000,"quantity":1610000,"orderId":"558eb4f1-b822-4544-aac8-53f738f57967","filled":0,"side":"sell","userId":"00000000-0000-0000-0000-000000000008","timestamp":1783150663580},{"price":144910000,"quantity":550000,"orderId":"4cb209d2-703e-43e4-8b69-a044c0ecd261","filled":0,"side":"sell","userId":"00000000-0000-0000-0000-000000000008","timestamp":1783150651482},{"price":144920000,"quantity":1570000,"orderId":"9a52a032-cd2c-412f-9103-bb550130513c","filled":0,"side":"sell","userId":"00000000-0000-0000-0000-000000000008","timestamp":1783150655076},{"price":144920000,"quantity":980000,"orderId":"a015eaaa-2074-4b75-ac1c-ce8c0996491c","filled":0,"side":"sell","userId":"00000000-0000-0000-0000-000000000008","timestamp":1783150655785},{"price":144930000,"quantity":220000,"orderId":"66c89ef2-b979-411b-a8dd-61c015031c0d","filled":0,"side":"sell","userId":"00000000-0000-0000-0000-000000000008","timestamp":1783150653417},{"price":144950000,"quantity":260000,"orderId":"c23638d9-0adb-4623-87c6-1070de3b38e0","filled":0,"side":"sell","userId":"00000000-0000-0000-0000-000000000008","timestamp":1783150650787},{"price":144980000,"quantity":1520000,"orderId":"de682311-7ed5-43fa-828e-59114b923df0","filled":0,"side":"sell","userId":"00000000-0000-0000-0000-000000000008","timestamp":1783150646855},{"price":145000000,"quantity":1990000,"orderId":"a9fced9e-4936-4e21-9930-1dd4863f8043","filled":0,"side":"sell","userId":"00000000-0000-0000-0000-000000000008","timestamp":1783150648944},{"price":145050000,"quantity":430000,"orderId":"e8e112ca-09d5-496b-bc4b-a59337e1e927","filled":0,"side":"sell","userId":"00000000-0000-0000-0000-000000000008","timestamp":1783150642197},{"price":145050000,"quantity":2140000,"orderId":"73ee0905-ff5c-4e09-80d1-d9fdefae59a4","filled":0,"side":"sell","userId":"00000000-0000-0000-0000-000000000008","timestamp":1783150643060},{"price":145050000,"quantity":1100000,"orderId":"45582771-2da7-4a0f-a435-fdbb830a49da","filled":0,"side":"sell","userId":"00000000-0000-0000-0000-000000000008","timestamp":1783150644876},{"price":145070000,"quantity":480000,"orderId":"88852924-7e33-4617-b662-9ae9861b87e9","filled":0,"side":"sell","userId":"00000000-0000-0000-0000-000000000008","timestamp":1783150645426},{"price":145110000,"quantity":700000,"orderId":"cc74e97d-1886-4248-b57b-6814cadfd182","filled":0,"side":"sell","userId":"00000000-0000-0000-0000-000000000008","timestamp":1783150629254},{"price":145130000,"quantity":1310000,"orderId":"14c06459-60c8-4b87-a9ae-421eb3995268","filled":0,"side":"sell","userId":"00000000-0000-0000-0000-000000000008","timestamp":1783150641709},{"price":145210000,"quantity":1810000,"orderId":"347c066e-f535-46e9-9037-d160347fb441","filled":1120000,"side":"sell","userId":"00000000-0000-0000-0000-000000000008","timestamp":1783150616411},{"price":145210000,"quantity":380000,"orderId":"b749fb89-712c-44ac-9c90-f47553baf6b7","filled":0,"side":"sell","userId":"00000000-0000-0000-0000-000000000008","timestamp":1783150618658},{"price":145300000,"quantity":1640000,"orderId":"654b3e6a-64db-4b98-a6ea-3d61b24192d9","filled":0,"side":"sell","userId":"00000000-0000-0000-0000-000000000008","timestamp":1783150612016},{"price":145300000,"quantity":520000,"orderId":"a053a51f-f9bf-4f3f-943b-7f28f20b339e","filled":0,"side":"sell","userId":"00000000-0000-0000-0000-000000000008","timestamp":1783150612772},{"price":145300000,"quantity":810000,"orderId":"4b993814-f5ad-43cb-baf6-2882c4dcc3d2","filled":0,"side":"sell","userId":"00000000-0000-0000-0000-000000000008","timestamp":1783150613255},{"price":145320000,"quantity":560000,"orderId":"92ad5eea-a78b-4159-b6f5-392cd5adbb3e","filled":0,"side":"sell","userId":"00000000-0000-0000-0000-000000000008","timestamp":1783150614272},{"price":145360000,"quantity":1440000,"orderId":"a37d3d76-246c-411e-a87e-b5efd8573446","filled":0,"side":"sell","userId":"00000000-0000-0000-0000-000000000008","timestamp":1783150591370},{"price":145370000,"quantity":1330000,"orderId":"3cec7b03-e2a5-41ba-be2c-f58418791d02","filled":0,"side":"sell","userId":"00000000-0000-0000-0000-000000000008","timestamp":1783150609245},{"price":145380000,"quantity":2030000,"orderId":"9cb585cf-73ea-40db-a413-5ab0874b9f4b","filled":0,"side":"sell","userId":"00000000-0000-0000-0000-000000000008","timestamp":1783150595610},{"price":145440000,"quantity":1910000,"orderId":"4cbd80f5-f942-43aa-b82a-f4cdbc958162","filled":0,"side":"sell","userId":"00000000-0000-0000-0000-000000000008","timestamp":1783150583562},{"price":145440000,"quantity":810000,"orderId":"5ce7f46d-46d3-40e6-9c26-c2dbb9d1d20e","filled":0,"side":"sell","userId":"00000000-0000-0000-0000-000000000008","timestamp":1783150584398},{"price":145440000,"quantity":1910000,"orderId":"05478fa1-658b-4890-ab42-5105a8cf31c6","filled":0,"side":"sell","userId":"00000000-0000-0000-0000-000000000008","timestamp":1783150584987},{"price":145440000,"quantity":1570000,"orderId":"1dc905b5-53ea-4d92-bc89-ff9ea691b6bb","filled":0,"side":"sell","userId":"00000000-0000-0000-0000-000000000008","timestamp":1783150585793},{"price":145440000,"quantity":1060000,"orderId":"fea45a14-8eed-4baa-ac16-9ade819a2e6c","filled":0,"side":"sell","userId":"00000000-0000-0000-0000-000000000008","timestamp":1783150586414},{"price":145460000,"quantity":1530000,"orderId":"fa85659b-438a-4611-9d8a-72e25bb1203d","filled":0,"side":"sell","userId":"00000000-0000-0000-0000-000000000008","timestamp":1783150590235},{"price":145510000,"quantity":1050000,"orderId":"c1e5335e-384d-46c8-8ad7-dfbe0fde6222","filled":0,"side":"sell","userId":"00000000-0000-0000-0000-000000000008","timestamp":1783150559999},{"price":145510000,"quantity":270000,"orderId":"007d2b25-0235-4c69-8415-1842bbc21652","filled":0,"side":"sell","userId":"00000000-0000-0000-0000-000000000008","timestamp":1783150574787},{"price":145510000,"quantity":430000,"orderId":"b06588b9-ac81-448c-a089-eb58d589c7c0","filled":0,"side":"sell","userId":"00000000-0000-0000-0000-000000000008","timestamp":1783150577104},{"price":145510000,"quantity":800000,"orderId":"33b5e339-99e9-413b-ac16-35b973ff2266","filled":0,"side":"sell","userId":"00000000-0000-0000-0000-000000000008","timestamp":1783150579839},{"price":145510000,"quantity":1910000,"orderId":"063eaae8-a11f-40c2-bd38-9bd5ed3d10af","filled":0,"side":"sell","userId":"00000000-0000-0000-0000-000000000008","timestamp":1783150582194},{"price":145530000,"quantity":1500000,"orderId":"b776d749-9d75-47a5-a5c0-5fa39a52b3a5","filled":0,"side":"sell","userId":"00000000-0000-0000-0000-000000000008","timestamp":1783150582882},{"price":145640000,"quantity":320000,"orderId":"088324b6-0fbc-4d8c-9458-1daf9dbc8f25","filled":0,"side":"sell","userId":"00000000-0000-0000-0000-000000000008","timestamp":1783150555371},{"price":145800000,"quantity":610000,"orderId":"01e7ea91-2aa3-473c-95a5-bb501db7c501","filled":0,"side":"sell","userId":"00000000-0000-0000-0000-000000000008","timestamp":1783150524277},{"price":145820000,"quantity":1050000,"orderId":"f0107cb0-fee0-49a7-b3ff-d19b280a63ea","filled":0,"side":"sell","userId":"00000000-0000-0000-0000-000000000008","timestamp":1783150516055},{"price":145820000,"quantity":740000,"orderId":"fddb3591-ad52-41b6-b924-50737241334d","filled":0,"side":"sell","userId":"00000000-0000-0000-0000-000000000008","timestamp":1783150517004},{"price":145820000,"quantity":480000,"orderId":"101dc2b1-2110-4bae-b2f5-15f3caf16e13","filled":0,"side":"sell","userId":"00000000-0000-0000-0000-000000000008","timestamp":1783150518145},{"price":145820000,"quantity":1260000,"orderId":"b68b2e16-3e07-4b81-aaa6-199b8dd01ad2","filled":0,"side":"sell","userId":"00000000-0000-0000-0000-000000000008","timestamp":1783150520692},{"price":145830000,"quantity":1980000,"orderId":"1689cedd-db56-4142-b767-0010d95166c5","filled":0,"side":"sell","userId":"00000000-0000-0000-0000-000000000008","timestamp":1783150514014},{"price":145840000,"quantity":880000,"orderId":"5658bd05-44b0-473b-9763-7e6fe3a4589e","filled":0,"side":"sell","userId":"00000000-0000-0000-0000-000000000008","timestamp":1783150510200},{"price":145840000,"quantity":1070000,"orderId":"98a6df15-e38f-4957-b67e-20d910398bd5","filled":0,"side":"sell","userId":"00000000-0000-0000-0000-000000000008","timestamp":1783150523215},{"price":145860000,"quantity":1410000,"orderId":"4458e5a1-1e25-4ac7-b176-6211bf74b8ab","filled":0,"side":"sell","userId":"00000000-0000-0000-0000-000000000008","timestamp":1783150513189},{"price":145910000,"quantity":2080000,"orderId":"a5d186f0-4bf9-47d8-8e7d-de38b9d7d76b","filled":720000,"side":"sell","userId":"00000000-0000-0000-0000-000000000008","timestamp":1783150480555},{"price":145910000,"quantity":1700000,"orderId":"32659ba8-4ecf-4eee-9344-92fb99da4ab3","filled":0,"side":"sell","userId":"00000000-0000-0000-0000-000000000008","timestamp":1783150482174},{"price":145920000,"quantity":1650000,"orderId":"3dda6434-5421-42f9-972e-724922240cb3","filled":0,"side":"sell","userId":"00000000-0000-0000-0000-000000000008","timestamp":1783150469549},{"price":145920000,"quantity":1200000,"orderId":"ad459fc2-0d8c-43cc-8a58-1c42549ca421","filled":0,"side":"sell","userId":"00000000-0000-0000-0000-000000000008","timestamp":1783150470290},{"price":145920000,"quantity":710000,"orderId":"be2da9b6-ebd5-4823-a3fd-0ae69290d78d","filled":0,"side":"sell","userId":"00000000-0000-0000-0000-000000000008","timestamp":1783150473464},{"price":145920000,"quantity":970000,"orderId":"528cf1b1-eda6-426b-9d27-1ac67cfb324c","filled":0,"side":"sell","userId":"00000000-0000-0000-0000-000000000008","timestamp":1783150474346},{"price":145930000,"quantity":1030000,"orderId":"173fbf4e-63ae-432e-b849-0c08092f445b","filled":0,"side":"sell","userId":"00000000-0000-0000-0000-000000000008","timestamp":1783150494098},{"price":145930000,"quantity":1790000,"orderId":"dce25875-c2e9-420e-88ae-d34ccf6ee3a6","filled":0,"side":"sell","userId":"00000000-0000-0000-0000-000000000008","timestamp":1783150509135},{"price":145960000,"quantity":630000,"orderId":"bf110298-bd9e-457d-8eff-8f99c250af1f","filled":0,"side":"sell","userId":"00000000-0000-0000-0000-000000000008","timestamp":1783150464026},{"price":145960000,"quantity":350000,"orderId":"ef92da4a-2eb8-45a1-894c-36a2c59ef56b","filled":0,"side":"sell","userId":"00000000-0000-0000-0000-000000000008","timestamp":1783150464579},{"price":145960000,"quantity":1300000,"orderId":"ce25f3d3-24b3-40c3-951e-6fd18bd00c7e","filled":0,"side":"sell","userId":"00000000-0000-0000-0000-000000000008","timestamp":1783150465356},{"price":145980000,"quantity":530000,"orderId":"faf14d52-3d7b-46c5-ab35-ab0e1b55f172","filled":0,"side":"sell","userId":"00000000-0000-0000-0000-000000000008","timestamp":1783150467563},{"price":146030000,"quantity":340000,"orderId":"91117f28-d6f4-45c0-b121-c014df6a0fdf","filled":40000,"side":"sell","userId":"00000000-0000-0000-0000-000000000008","timestamp":1783150454893},{"price":146060000,"quantity":1750000,"orderId":"87cb2cb2-9aa5-4a37-90c5-65b9b3036cfe","filled":0,"side":"sell","userId":"00000000-0000-0000-0000-000000000008","timestamp":1783150448072},{"price":146060000,"quantity":250000,"orderId":"00564127-076f-4fbe-a717-9bfc660e9479","filled":0,"side":"sell","userId":"00000000-0000-0000-0000-000000000008","timestamp":1783150449136},{"price":146060000,"quantity":1850000,"orderId":"9b66613e-f076-4119-a6e8-362a04290d66","filled":0,"side":"sell","userId":"00000000-0000-0000-0000-000000000008","timestamp":1783150449943},{"price":146120000,"quantity":390000,"orderId":"3253f2cf-8568-4608-8365-edb71b1a499a","filled":0,"side":"sell","userId":"00000000-0000-0000-0000-000000000008","timestamp":1783150444673},{"price":146160000,"quantity":350000,"orderId":"e03d0f2f-ee1f-44ca-8043-04bbc6d7ceb1","filled":0,"side":"sell","userId":"00000000-0000-0000-0000-000000000008","timestamp":1783150442285},{"price":146250000,"quantity":1800000,"orderId":"efa9352a-76e0-4116-b696-3f11007544c9","filled":0,"side":"sell","userId":"00000000-0000-0000-0000-000000000008","timestamp":1783150425497},{"price":146250000,"quantity":1900000,"orderId":"58769b2b-907c-4282-8ee8-37843d43c9e9","filled":0,"side":"sell","userId":"00000000-0000-0000-0000-000000000008","timestamp":1783150425749},{"price":146250000,"quantity":1880000,"orderId":"606364e9-6863-4e22-898f-f345c32a31b9","filled":0,"side":"sell","userId":"00000000-0000-0000-0000-000000000008","timestamp":1783150437359},{"price":146250000,"quantity":600000,"orderId":"43bb869d-c3c3-429d-9b1d-3961a78b3405","filled":0,"side":"sell","userId":"00000000-0000-0000-0000-000000000008","timestamp":1783150438486}