{"version":2,"lastProcessedStreamId":"1783088408307-0","orderbooks":[{"baseAsset":"SOL","bids":[{"price":148780000,"quantity":2160000,"orderId":"b8627925-c5f9-45d6-802f-60124dcf5495","filled":1390000,"side":"buy","userId":"00000000-0000-0000-0000-000000000008","timestamp":1783088366174},{"price":148770000,"quantity":3080000,"orderId":"d63d56c5-e212-4006-bb97-54b365f92c56","filled":0,"side":"buy","userId":"00000000-0000-0000-0000-000000000005","timestamp":1783088371892},{"price":148760000,"quantity":300000,"orderId":"d311986a-f8ed-4419-bac6-01bb1e5c5e29","filled":0,"side":"buy","userId":"00000000-0000-0000-0000-000000000008","timestamp":1783088369355},{"price":148750000,"quantity":2920000,"orderId":"2403f2b3-0846-4f0d-bc81-a347aad12cfa","filled":0,"side":"buy","userId":"00000000-0000-0000-0000-000000000005","timestamp":1783088372481},{"price":148740000,"quantity":2100000,"orderId":"90806856-afdc-4534-8b99-2f8acb3adbbb","filled":0,"side":"buy","userId":"00000000-0000-0000-0000-000000000008","timestamp":1783088370348},{"price":148720000,"quantity":950000,"orderId":"30e2c602-ff33-4223-b340-04d61ae91e9f","filled":0,"side":"buy","userId":"00000000-0000-0000-0000-000000000008","timestamp":1783088372488},{"price":148710000,"quantity":11630000,"orderId":"c8552caf-2483-4ad7-8d98-a4e695f42108","filled":0,"side":"buy","userId":"00000000-0000-0000-0000-000000000005","timestamp":1783088376963},{"price":148710000,"quantity":4570000,"orderId":"d72896be-c4cf-4e3d-b185-95c8d658f8d4","filled":0,"side":"buy","userId":"00000000-0000-0000-0000-000000000005","timestamp":1783088378251},{"price":148700000,"quantity":1340000,"orderId":"7829d927-f27f-4523-bb33-2ff35de24c8a","filled":0,"side":"buy","userId":"00000000-0000-0000-0000-000000000008","timestamp":1783088373674},{"price":148680000,"quantity":690000,"orderId":"cf105ce2-024d-40a3-b59f-c4750cb94adc","filled":0,"side":"buy","userId":"00000000-0000-0000-0000-000000000008","timestamp":1783088373910},{"price":148660000,"quantity":1980000,"orderId":"a84e62cd-ab05-4762-a26b-602a007a7dda","filled":0,"side":"buy","userId":"00000000-0000-0000-0000-000000000008","timestamp":1783088374450},{"price":148640000,"quantity":1480000,"orderId":"f2c0f4af-9c7a-4f36-80d0-2dc7e4cf0669","filled":0,"side":"buy","userId":"00000000-0000-0000-0000-000000000008","timestamp":1783088375241},{"price":148620000,"quantity":780000,"orderId":"b3e23074-b88f-4917-b626-71fd59c3f385","filled":0,"side":"buy","userId":"00000000-0000-0000-0000-000000000008","timestamp":1783088375777},{"price":148620000,"quantity":10050000,"orderId":"d9dd2fd5-ce3a-4d80-a858-8ba1e8837480","filled":0,"side":"buy","userId":"00000000-0000-0000-0000-000000000005","timestamp":1783088381523},{"price":148600000,"quantity":1190000,"orderId":"78bbce2e-35bc-4259-94e9-a17377129581","filled":0,"side":"buy","userId":"00000000-0000-0000-0000-000000000008","timestamp":1783088376610},{"price":148580000,"quantity":320000,"orderId":"0991efb0-e993-40b9-a78a-3262e6045583","filled":0,"side":"buy","userId":"00000000-0000-0000-0000-000000000008","timestamp":1783088378582},{"price":148580000,"quantity":9540000,"orderId":"29de274a-a5e9-40fd-a775-f322d844e59f","filled":0,"side":"buy","userId":"00000000-0000-0000-0000-000000000005","timestamp":1783088387418},{"price":148570000,"quantity":1390000,"orderId":"9305d6a2-eb95-4c72-8757-27450c27bbbf","filled":0,"side":"buy","userId":"00000000-0000-0000-0000-000000000005","timestamp":1783088381542},{"price":148560000,"quantity":1340000,"orderId":"be9e19fa-7785-4b41-84aa-98edd9da6a05","filled":0,"side":"buy","userId":"00000000-0000-0000-0000-000000000008","timestamp":1783088379734},{"price":148540000,"quantity":1200000,"orderId":"743bc00a-dfa4-47d5-867d-524c0bd86636","filled":0,"side":"buy","userId":"00000000-0000-0000-0000-000000000008","timestamp":1783088380800},{"price":148520000,"quantity":450000,"orderId":"a7716b18-0044-4b90-861f-88fa900363ec","filled":0,"side":"buy","userId":"00000000-0000-0000-0000-000000000008","timestamp":1783088381573},{"price":148460000,"quantity":2600000,"orderId":"9aa0b82d-9b65-460e-8f83-367185972cd8","filled":0,"side":"buy","userId":"00000000-0000-0000-0000-000000000005","timestamp":1783088381557},{"price":148450000,"quantity":2460000,"orderId":"3fe44e98-8a4b-43d5-b8c5-c05221def478","filled":0,"side":"buy","userId":"00000000-0000-0000-0000-000000000005","timestamp":1783088389645},{"price":148440000,"quantity":2130000,"orderId":"780b8441-39b8-4157-8185-36f4e6646bd6","filled":0,"side":"buy","userId":"00000000-0000-0000-0000-000000000008","timestamp":1783088384684},{"price":148420000,"quantity":2160000,"orderId":"9b289991-e799-4802-a8d6-d30ab00bce39","filled":0,"side":"buy","userId":"00000000-0000-0000-0000-000000000008","timestamp":1783088385998},{"price":148400000,"quantity":220000,"orderId":"9d437a96-401b-4da0-a028-d340c962e3c4","filled":0,"side":"buy","userId":"00000000-0000-0000-0000-000000000008","timestamp":1783088386344},{"price":148390000,"quantity":3820000,"orderId":"6cf3395b-a5ea-4ae6-a5fc-67d55add678d","filled":0,"side":"buy","userId":"00000000-0000-0000-0000-000000000005","timestamp":1783088408014},{"price":148380000,"quantity":1620000,"orderId":"70bf4778-df30-464c-9a4d-d3bd87a3e0b3","filled":0,"side":"buy","userId":"00000000-0000-0000-0000-000000000008","timestamp":1783088387543},{"price":148370000,"quantity":13300000,"orderId":"e0aff080-bf28-4ea5-ac8f-4437ad5bb767","filled":0,"side":"buy","userId":"00000000-0000-0000-0000-000000000005","timestamp":1783088407569},{"price":148360000,"quantity":1160000,"orderId":"7268f384-6f7b-4078-828b-617000acb4c8","filled":0,"side":"buy","userId":"00000000-0000-0000-0000-000000000008","timestamp":1783088388665},{"price":148340000,"quantity":1180000,"orderId":"434dc255-61ef-4adc-b2c5-ca8795f7f15e","filled":0,"side":"buy","userId":"00000000-0000-0000-0000-000000000008","timestamp":1783088389666},{"price":148330000,"quantity":14800000,"orderId":"3ad60d42-b14b-4f30-aa60-48932535fd56","filled":0,"side":"buy","userId":"00000000-0000-0000-0000-000000000005","timestamp":1783088389656},{"price":148310000,"quantity":1380000,"orderId":"de91c493-59de-46ca-b7de-9a9e377b397b","filled":0,"side":"buy","userId":"00000000-0000-0000-0000-000000000008","timestamp":1783088391759}],"asks":[{"price":148870000,"quantity":12340000,"orderId":"c94d7297-a567-47da-8409-0110a30fa2e6","filled":8390000,"side":"sell","userId":"00000000-0000-0000-0000-000000000005","timestamp":1783088403748},{"price":148990000,"quantity":900000,"orderId":"12084349-314f-4f3f-866f-0c99f0bba652","filled":70000,"side":"sell","userId":"00000000-0000-0000-0000-000000000008","timestamp":1783088387977},{"price":148990000,"quantity":790000,"orderId":"83c67ad4-fa0a-4376-9c8d-6f80563af4e7","filled":0,"side":"sell","userId":"00000000-0000-0000-0000-000000000008","timestamp":1783088388272},{"price":149010000,"quantity":1410000,"orderId":"158ef955-d83d-430d-b042-6114234b3094","filled":0,"side":"sell","userId":"00000000-0000-0000-0000-000000000008","timestamp":1783088390413},{"price":149060000,"quantity":2570000,"orderId":"dfbc5278-cf24-4e8d-9ad3-4c85cd6751c1","filled":0,"side":"sell","userId":"00000000-0000-0000-0000-000000000005","timestamp":1783088387480},{"price":149130000,"quantity":12270000,"orderId":"2e4aa572-d0d4-47cc-a249-898e47492a3a","filled":0,"side":"sell","userId":"00000000-0000-0000-0000-000000000005","timestamp":1783088387511},{"price":149150000,"quantity":330000,"orderId":"de6f4ad3-df3b-495d-ad2b-678c4d80a001","filled":0,"side":"sell","userId":"00000000-0000-0000-0000-000000000008","timestamp":1783088379255},{"price":149150000,"quantity":400000,"orderId":"28ced38e-3f14-411d-b635-9c7dd1d51f20","filled":0,"side":"sell","userId":"00000000-0000-0000-0000-000000000008","timestamp":1783088380149},{"price":149150000,"quantity":1040000,"orderId":"5264e9b4-d4f7-44ed-ae20-e2602efdbec6","filled":0,"side":"sell","userId":"00000000-0000-0000-0000-000000000008","timestamp":1783088380547},{"price":149150000,"quantity":2170000,"orderId":"aab70d3d-4a9a-41a9-adbd-ebd80f60ed6c","filled":0,"side":"sell","userId":"00000000-0000-0000-0000-000000000008","timestamp":1783088381149},{"price":149150000,"quantity":1200000,"orderId":"7496e182-cedf-4ca5-a8b6-0457ddbf3da1","filled":0,"side":"sell","userId":"00000000-0000-0000-0000-000000000008","timestamp":1783088382327},{"price":149150000,"quantity":1470000,"orderId":"b19e1f05-47e6-41d7-8243-21e32925d41e","filled":0,"side":"sell","userId":"00000000-0000-0000-0000-000000000008","timestamp":1783088382980},{"price":149150000,"quantity":440000,"orderId":"4ae4c511-39be-446c-a40e-e6d8c7e16cb3","filled":0,"side":"sell","userId":"00000000-0000-0000-0000-000000000008","timestamp":1783088383593},{"price":149150000,"quantity":1740000,"orderId":"1d4ebe89-4aff-43b4-83e5-db51a34a7301","filled":0,"side":"sell","userId":"00000000-0000-0000-0000-000000000008","timestamp":1783088383904},{"price":149150000,"quantity":1760000,"orderId":"f7a1fb2a-63df-469a-bd22-dea0db69ffec","filled":0,"side":"sell","userId":"00000000-0000-0000-0000-000000000008","timestamp":1783088384230},{"price":149150000,"quantity":1830000,"orderId":"5e91a735-ca58-4f37-8e90-e235e009f19a","filled":0,"side":"sell","userId":"00000000-0000-0000-0000-000000000008","timestamp":1783088385185},{"price":149170000,"quantity":1730000,"orderId":"a88e4620-9d44-45fd-92c1-90b20b4eb89f","filled":0,"side":"sell","userId":"00000000-0000-0000-0000-000000000008","timestamp":1783088385645},{"price":149210000,"quantity":2040000,"orderId":"6897a1b6-479d-4a64-8e9d-5ccaa1fdce91","filled":0,"side":"sell","userId":"00000000-0000-0000-0000-000000000008","timestamp":1783088374183},{"price":149210000,"quantity":1300000,"orderId":"fb24363d-cca2-4336-a33f-e06cf189d839","filled":0,"side":"sell","userId":"00000000-0000-0000-0000-000000000008","timestamp":1783088374797},{"price":149230000,"quantity":660000,"orderId":"566d8487-bb02-4dcc-bda6-a6f05329de10","filled":0,"side":"sell","userId":"00000000-0000-0000-0000-000000000008","timestamp":1783088376983},{"price":149290000,"quantity":1670000,"orderId":"17e92b20-c089-4773-87c5-afb227e76a70","filled":350000,"side":"sell","userId":"00000000-0000-0000-0000-000000000008","timestamp":1783088366572},{"price":149290000,"quantity":1030000,"orderId":"15c4a645-1932-4e5e-8a31-2a41c0d7912d","filled":0,"side":"sell","userId":"00000000-0000-0000-0000-000000000008","timestamp":1783088367374},{"price":149310000,"quantity":780000,"orderId":"f6a06590-5b12-48c3-980c-9e5f1b366c92","filled":0,"side":"sell","userId":"00000000-0000-0000-0000-000000000008","timestamp":1783088367954},{"price":149340000,"quantity":810000,"orderId":"d129b1e0-7eec-4f63-894a-cf2eed19a329","filled":0,"side":"sell","userId":"00000000-0000-0000-0000-000000000008","timestamp":1783088364573},{"price":149410000,"quantity":1130000,"orderId":"f388645b-71d9-4993-a868-178cb8a08363","filled":0,"side":"sell","userId":"00000000-0000-0000-0000-000000000008","timestamp":1783088363279},{"price":149510000,"quantity":2130000,"orderId":"65a2552d-5468-4901-af9f-9438c34e9325","filled":70000,"side":"sell","userId":"00000000-0000-0000-0000-000000000008","timestamp":1783088309290},{"price":149510000,"quantity":1620000,"orderId":"6ad25654-e727-4e23-9908-d185f42e8b0a","filled":0,"side":"sell","userId":"00000000-0000-0000-0000-000000000008","timestamp":1783088321298},{"price":149530000,"quantity":280000,"orderId":"da3a21d7-af21-49e6-876b-e473bcf99ee4","filled":0,"side":"sell","userId":"00000000-0000-0000-0000-000000000008","timestamp":1783088321845},{"price":149630000,"quantity":1280000,"orderId":"3f4db22a-be4a-432f-9def-29c66824aaa0","filled":0,"side":"sell","userId":"00000000-0000-0000-0000-000000000008","timestamp":1783088305523},{"price":149740000,"quantity":1400000,"orderId":"6f36bfd9-9cb4-4679-afc7-a03bdd5e7aaa","filled":0,"side":"sell","userId":"00000000-0000-0000-0000-000000000008","timestamp":1783088301839},{"price":149740000,"quantity":1450000,"orderId":"7ac122ec-2fef-44ad-a62e-a53b98426c97","filled":0,"side":"sell","userId":"00000000-0000-0000-0000-000000000008","timestamp":1783088302407},{"price":149880000,"quantity":2010000,"orderId":"2abb9be0-4c58-445c-9b85-e23352043c25","filled":0,"side":"sell","userId":"00000000-0000-0000-0000-000000000008","timestamp":1783088299262},{"price":149940000,"quantity":750000,"orderId":"25b75266-9eef-4eb0-bb97-1eafd72737eb","filled":0,"side":"sell","userId":"00000000-0000-0000-0000-000000000008","timestamp":1783088293501},{"price":149940000,"quantity":220000,"orderId":"50740906-b67d-4c51-9b39-2c86deed56cb","filled":0,"side":"sell","userId":"00000000-0000-0000-0000-000000000008","timestamp":1783088294413},{"price":149940000,"quantity":1430000,"orderId":"ce1fac94-ebc6-4b51-ae8c-cb794c7ca678","filled":0,"side":"sell","userId":"00000000-0000-0000-0000-000000000008","timestamp":1783088294701},{"price":149940000,"quantity":1300000,"orderId":"20e9208c-b32e-49db-afaa-0edc91fce963","filled":0,"side":"sell","userId":"00000000-0000-0000-0000-000000000008","timestamp":1783088296113},{"price":150030000,"quantity":650000,"orderId":"149e3b57-7e7b-4dd9-b9c4-6063c229514e","filled":0,"side":"sell","userId":"00000000-0000-0000-0000-000000000008","timestamp":1783088292593},{"price":150230000,"quantity":11310000,"orderId":"fe2a98b7-b459-40a9-8904-26f3bff6559a","filled":890000,"side":"sell","userId":"00000000-0000-0000-0000-000000000005","timestamp":1783088291424},{"price":150320000,"quantity":15470000,"orderId":"d2a425b9-d733-4623-b519-5e09be11ad1f","filled":11330000,"side":"sell","userId":"00000000-0000-0000-0000-000000000005","timestamp":1783088290675},{"price":150320000,"quantity":10140000,"orderId":"e6fff153-dc61-44ca-a64d-6f6cc32318e0","filled":0,"side":"sell","userId":"00000000-0000-0000-0000-000000000005","timestamp":1783088291435},{"price":150380000,"quantity":15830000,"orderId":"1a74f748-6a56-49ce-ad56-2922a71f0faa","filled":0,"side":"sell","userId":"00000000-0000-0000-0000-000000000005","timestamp":1783088291441},{"price":150400000,"quantity":14340000,"orderId":"e4bbb468-a867-4446-9042-db041456f1d8","filled":0,"side":"sell","userId":"00000000-0000-0000-0000-000000000005","timestamp":1783088290725},{"price":150460000,"quantity":15590000,"orderId":"241d7728-74b5-4834-ac57-06278777a82e","filled":0,"side":"sell","userId":"00000000-0000-0000-0000-000000000005","timestamp":1783088290760},{"price":150470000,"quantity":2600000,"orderId":"8eb29e7e-d060-4afa-a5b4-18f4ed7c6e5c","filled":0,"side":"sell","userId":"00000000-0000-0000-0000-000000000005","timestamp":1783088291452},{"price":150550000,"quantity":8950000,"orderId":"4f839c3a-2912-40eb-b568-f472a06ddea8","filled":0,"side":"sell","userId":"00000000-0000-0000-0000-000000000005","timestamp":1783088290801},{"price":150630000,"quantity":4250000,"orderId":"c26279bf-55da-41d8-b4cb-4ba4689666e0","filled":0,"side":"sell","userId":"00000000-0000-0000-0000-000000000005","timestamp":1783088290868}],"lastTradeId":365,"currentPrice":0,"lastPrice":148870000,"firstPrice":150320000,"high":150320000,"low":148780000,"volume":924980000,"quoteVolume":138137765700,"trades":365}],"balances":[["9",{"USDC":{"available":1000000000000,"locked":0},"SOL":{"available":10000000000,"locked":0}}],["1",{"USDC":{"available":10000000000000,"locked":0},"SOL":{"available":10000000000000,"locked":0}}],["2",{"USDC":{"available":10000000000000,"locked":0},"SOL":{"available":10000000000000,"locked":0}}],["00000000-0000-0000-0000-000000000005",{"USDC":{"available":49999476132800,"locked":1805942200},"SOL":{"available":49999946920000,"locked":45000000}}],["00000000-0000-0000-0000-000000000006",{"USDC":{"available":49999139575100,"locked":521003200},"SOL":{"available":50000002220000,"locked":0}}],["00000000-0000-0000-0000-000000000007",{"USDC":{"available":50000000000000,"locked":0},"SOL":{"available":50000000000000,"locked":0}}],["00000000-0000-0000-0000-000000000008",{"USDC":{"available":49996582873600,"locked":2474473100},"SOL":{"available":49999966200000,"locked":39660000}}]]}